4048 6012
900 639 957 700 261

228 857 381 910 cernentis.
405 852 505 908 Eidem
529 855 619 908 asseri
643 851 857 922 adglutinatam
881 859 925 908 est
948 852 998 910 101.
1023 855 1125 920 chart,
1150 856 1179 908 in
1203 870 1261 925 quo
1286 855 1403 924 coplata
1426 859 1470 909 est
1494 853 1536 910 M.
1568 853 1624 910 Jo-

226 941 345 998 hannis
367 939 437 996 ilus
460 939 598 1010 epistola
620 938 740 1008 scripta
761 938 967 995 universitati
1004 939 1157 1010 Pragensi
1194 940 1248 995 ter.
1273 939 1302 996 V
1325 947 1399 996 ante
1422 937 1570 1012 vigiliam
1595 957 1625 995 s.

226 1027 312 1084 Petri
335 1025 558 1102 (Constantine
583 1025 632 1082 21.
657 1026 723 1081 iun.
751 1023 845 1093 1415)
880 1041 948 1081 cum
971 1028 1027 1081 hac
1050 1033 1136 1081 nota:
1186 1026 1264 1082 »Heo
1288 1028 1413 1097 epistola
1435 1031 1545 1099 scripta
1568 1036 1613 1083 est

226 1131 279 1186 per
298 1114 377 1186 Mag.
400 1113 563 1169 iohannem
599 1114 630 1167 in
664 1111 844 1169 constancia
879 1119 1001 1168 mortem
1030 1115 1239 1184 prestolantem
1262 1131 1280 1168 a
1304 1115 1505 1184 spiritualibus
1529 1120 1622 1170 torto-

227 1205 308 1258 ribus
331 1201 466 1258 videlicet
496 1199 694 1255 cardinalibus
725 1202 954 1271 archiepiscopis
978 1207 1032 1256 etc.
1058 1207 1085 1254 et
1107 1199 1147 1258 M.
1173 1200 1323 1271 Stephano
1347 1199 1450 1256 Paiecz
1475 1217 1542 1257 cum
1570 1199 1630 1255 Mi-

228 1289 348 1345 chahele
371 1289 407 1343 de
430 1286 554 1342 Caussis
577 1293 631 1343 etc.
657 1302 683 1343 a.
708 1287 736 1340 d.
764 1285 906 1356 14(15).«
942 1287 1082 1356 (Aliunde
1107 1289 1151 1342 ed.
1175 1286 1304 1358 Palacky
1327 1287 1450 1345 Docum.
1477 1305 1506 1359 p.
1536 1285 1626 1358 142).

228 1376 264 1432 A.
292 1375 372 1432 1609
396 1376 490 1430 codex
513 1381 573 1429 erat
595 1373 666 1430 bibl.
690 1372 931 1444 Rosenbergicae,
964 1375 1030 1429 dein
1055 1380 1181 1430 monast.
1206 1372 1412 1432 Tlebonensis.

334 1543 415 1624 259
846 1543 875 1618 1.
904 1543 943 1616 F.
970 1542 1031 1617 27.

229 1683 338 1744 chart.
360 1699 448 1745 saec.
472 1679 578 1745 XVII
583 1679 742 1743 -XVIII
758 1681 797 1763 ff.
823 1683 887 1744 178
909 1700 1014 1751 num..
1037 1682 1184 1746 20><10
1205 1701 1266 1745 cm.
1291 1683 1322 1744 d.
1346 1701 1394 1744 m.

339 1804 358 1866 1.
387 1805 490 1867 1-39
512 1803 637 1866 isidori
671 1820 693 1865 a
715 1803 748 1866 S.
771 1803 919 1879 Joanne,
943 1808 1080 1865 ministri
1103 1821 1211 1882 gener.
1236 1804 1305 1866 ord.
1322 1804 1444 1874 Trinit.‚
1469 1804 1628 1882 Epistola

173 1935 176 1940 -
230 1891 422 1968 spiritualis
466 1909 507 1954 ac
544 1890 792 1953 exhortatoria.
826 1889 1001 1968 impressa
1035 1890 1359 1970 Caesar-Augustae
1394 1907 1456 1969 per
1490 1891 1632 1954 Petrum

228 1976 361 2056 Verges
384 1996 414 2039 a.
440 1977 522 2040 1631
547 1976 836 2057 (Apographum).

337 2082 357 2144 1.
381 2082 532 2144 40-103
555 2082 808 2160 compendium
830 2083 1041 2160 geometriae
1064 2083 1237 2160 practicae
1261 2078 1308 2165 (in
1331 2083 1396 2144 fine
1419 2083 1587 2163 german).

338 2187 358 2248 1.
387 2186 550 2248 104-121
577 2185 705 2249 Notata
727 2202 772 2248 ex
795 2186 939 2248 Achillis
962 2186 1062 2248 ducis
1077 2186 1363 2265 Wiirtenbergiae
1376 2188 1633 2250 consultatione

229 2273 271 2336 de
294 2273 492 2352 principatu
516 2273 608 2334 inter
630 2273 829 2350 provincias
852 2272 1023 2350 Europae.

338 2377 357 2438 1.
386 2377 549 2437 122-151
576 2372 735 2449 Tanciik,
758 2376 968 2452 Wenceslai,
999 2383 1083 2440 tunc
1112 2378 1280 2456 temporis
1304 2381 1438 2457 poetae,
1462 2378 1628 2442 Correcta

230 2464 386 2525 carmina
407 2466 473 2525 sub
498 2463 584 2541 Mag.
607 2462 794 2525 Francisco
818 2463 990 2525 Petrasch
1013 2464 1067 2526 die
1095 2464 1255 2528 11.Νο11.
1283 2463 1376 2527 1106.

337 2551 358 2611 i.
387 2549 556 2611 152—160
578 2549 615 2610 B.
638 2549 669 2611 J.
692 2550 733 2612 A.
757 2549 933 2612 Hoffmani
956 2551 1174 2630 Symbolicae
1197 2552 1389 2614 allusiones
1413 2552 1449 2612 in
1472 2551 1628 2613 illustres

230 2654 329 2699 ceras
360 2653 425 2698 seu
446 2636 659 2715 gentilitium
681 2641 803 2710 (cetera
826 2638 946 2699 desunt
979 2639 1112 2699 dimidio
1146 2641 1225 2700 tituli
1255 2638 1332 2700 lolio
1367 2644 1485 2706 scisso,
1510 2639 1570 2699 sed
1595 2643 1627 2699 in

230 2723 250 2786 1.
279 2724 338 2785 156
361 2735 661 2785 commemorantur
693 2727 837 2786 »heroes
866 2724 1164 2803 Turrazviilani«).
1196 2725 1230 2785 ln
1262 2727 1398 2804 epistola
1428 2727 1627 2786 dedicatoria

232 2812 308 2872 data
329 2809 569 2888 Micro-Pragae
592 2809 643 2871 30.
665 2812 733 2888 julii
761 2809 844 2870 1666
867 2813 1082 2873 subscribitur
1103 2818 1226 2874 auctor.
1258 2811 1366 2891 (Opus
1390 2812 1408 2871 7
1432 2814 1629 2890 imaginibus

231 2899 357 2959 calamo
381 2899 549 2958 delineatis
573 2899 749 2972 ornatum.)

339 2985 360 3046 1.
389 2983 557 3047 161-163
579 2983 727 3062 Josephi
742 2983 884 3046 Macarii
896 2985 1019 3063 ignatii
1031 2985 1237 3062 Luniaczek,
1254 2987 1473 3063 eloquentiae
1486 2986 1626 3062 alumni,

231 3071 362 3144 Oratio,
398 3071 527 3148 inqua
557 3070 780 3133 dissuadetur
810 3071 929 3133 iuveni
963 3073 1113 3150 cuipiam
1146 3073 1220 3135 vita
1241 3072 1413 3151 religiosa,
1445 3073 1481 3134 in
1503 3074 1634 3136 rostris

231 3156 592 3235 Kuttenbergensibus
616 3158 809 3220 declamata
829 3157 880 3219 21.
907 3159 989 3221 maii
1017 3157 1108 3220 1101.

340 3243 361 3305 1.
389 3244 557 3306 164-168
591 3244 822 3322 Fragmentum
857 3251 1012 3308 orationis
1050 3247 1222 3307 cuiusdam
1254 3247 1294 3306 de
1324 3248 1518 3324 gratitudine
1542 3252 1629 3308 initio

233 3348 379 3392 maneae.
404 3330 469 3406 (Ex
492 3333 797 3410 chronogrammate
821 3338 910 3410 patet
931 3351 960 3392 a.
990 3333 1096 3408 1669).

340 3417 360 3479 1.
389 3417 820 3496 169—1761nscriptlones
836 3417 1023 3496 Romanae,
1048 3437 1134 3498 quae
1149 3419 1398 3494 Albae-Juliae,
1417 3421 1499 3480 dum
1516 3422 1638 3483 eadem

233 3503 268 3566 in
291 3503 491 3566 Carolinam
515 3510 717 3581 mutaretur,
740 3511 898 3583 repertae
923 3510 1020 3566 sunt.

341 3591 362 3652 1.
391 3591 560 3654 177-178
582 3591 685 3653 Notae
708 3597 816 3653 variae
840 3594 958 3653 latinae
985 3599 1017 3654 et
1039 3597 1254 3671 germanicae.

337 3762 418 3844 26⁰
850 3765 879 3838 I.
908 3765 947 3838 F.
975 3765 1036 3838 28.

234 3903 342 3965 chart.
365 3921 451 3966 saec.
475 3903 563 3967 XIV
581 3921 627 3967 ex.
641 3905 686 3986 ff
711 3905 785 3974 130,
806 3905 953 3967 23)(15
973 3922 1036 3966 cm.
1063 3905 1095 3964 d.
1120 3923 1164 3965 na.

342 4024 531 4088 Sermones
555 4026 687 4088 diversi
710 4028 751 4087 de
774 4031 931 4104 tempore
954 4033 990 4088 et
1012 4026 1054 4087 de
1078 4027 1222 4088 sanctis,

342 4128 363 4190 i.
390 4126 576 4191 129b-130
601 4129 713 4191 »Nota
739 4129 843 4207 Digne
873 4132 1192 4191 communicantibus
1223 4131 1352 4206 largitur
1383 4131 1465 4191 deus
1490 4136 1632 4208 quatuor

233 4215 350 4277 bona«
376 4214 505 4290 (Sermo
529 4219 569 4278 de
592 4221 756 4278 nativitate
780 4216 902 4278 domini
925 4223 957 4278 in
980 4217 1001 4278 1.
1030 4218 1084 4278 15¹¹
1107 4221 1291 4295 germanice
1316 4217 1457 4291 desinit).

337 4306 373 4362 A.
402 4307 481 4362 1600
505 4311 599 4363 codex
623 4309 692 4366 bibl.
717 4307 957 4378 Rosenbergicae‚
982 4309 1087 4364 deinde
1110 4313 1236 4364 monast.
1260 4305 1455 4364 Tlebonensis
1479 4309 1547 4363 fuit.

338 4474 405 4556 261
853 4479 881 4552 I.
910 4478 949 4551 F.
978 4477 1039 4550 29.

234 4615 342 4676 chart.
365 4633 454 4679 saec.
479 4613 548 4676 XV
567 4617 611 4679 in.
630 4616 669 4698 ff.
691 4617 767 4692 175,
790 4618 829 4680 21
846 4619 935 4678 ><15
956 4635 1016 4677 cm.
1042 4619 1058 4679 1
1085 4636 1129 4678 m.

343 4737 364 4798 1.
392 4737 488 4797 1-2·
509 4742 615 4812 (mbr.)
642 4739 712 4798 »Ad
735 4744 929 4800 exercicium
953 4741 1140 4800 humilitatis
1164 4743 1307 4816 quinque
1332 4746 1499 4816 prosunt«

342 4823 364 4885 1.
389 4819 523 4884 2⁵—29b
553 4825 717 4887 Formula
751 4826 979 4888 noviciarum.
1014 4824 1233 4887 »Desiderasti
1263 4842 1283 4884 a
1306 4842 1375 4886 me«
1404 4827 1436 4883 ><
1463 4828 1541 4886 »sibi
1565 4830 1626 4905 ipsi

236 4912 385 4988 placitam
410 4917 441 4971 et
464 4916 606 4990 quietam
629 4919 782 4975 mentem.
806 4914 942 4974 Amen«

342 4997 364 5057 1.
388 4993 545 5058 30¹-33t
574 4998 760 5076 Speculum
792 4999 1053 5062 monacharum.
1089 4999 1155 5059 »De
1187 4998 1356 5075 diligencia
1378 4999 1540 5060 horarum.
1571 4998 1635 5060 Co·

236 5086 313 5160 gitet
334 5085 425 5162 apud
449 5101 485 5145 se
510 5087 680 5147 monialis«
707 5089 739 5144 ><
767 5104 860 5147 »sese
884 5091 1024 5147 invictus
1048 5091 1177 5146 animus
1201 5101 1267 5145 non
1292 5088 1443 5147 relaxet«

913 5311 960 5359 107
