3974 6014
893 572 953 632 136

328 777 348 839 l.
373 777 533 839 ill-72⁸
560 783 662 852 (manu
685 783 852 854 recentiori)
878 777 1048 859 »Sequitur
1070 781 1179 841 tabula
1202 797 1301 858 super
1321 781 1621 856 Rosarium1495‹,

222 881 287 942 qua
308 865 459 926 absoluta
481 881 563 926 voce
590 867 747 928 »locutio«
773 869 964 944 compilator
986 867 1091 928 addit:
1118 865 1258 946 »Scripsi
1282 876 1440 948 quantum
1464 875 1618 950 repperi«

221 953 304 1011 Ante
328 951 347 1012 1.
373 951 409 1012 71
438 957 568 1030 etpost
592 951 632 1012 72
656 956 778 1032 aliquot
801 953 876 1013 lolia
899 960 976 1014 sunt
999 958 1119 1014 excisa.

328 1037 347 1098 1.
374 1035 557 1098 7311-2421
585 1038 772 1102 Sermones
802 1040 892 1101 varii
922 1045 967 1112 (in
991 1039 1056 1100 fine
1080 1044 1196 1109 manci,
1221 1042 1340 1119 quibus
1363 1049 1488 1121 passim
1511 1079 1554 1086 —
1569 1061 1619 1104 ex.

219 1139 265 1200 gr.
290 1123 310 1184 f.
339 1123 394 1186 191
422 1131 454 1186 et
481 1124 540 1186 195
563 1130 797 1207 -inspersae
828 1133 905 1188 sunt
939 1128 980 1186 ab
1004 1131 1083 1204 ipsis
1107 1129 1294 1188 auctoribus
1318 1145 1425 1191 voces
1448 1129 1519 1191 imo
1543 1147 1620 1192 sen-

219 1211 348 1274 tentiae
372 1211 600 1290 bohemicae).

327 1382 399 1463 134
822 1385 852 1460 I.
883 1385 919 1460 C.
948 1385 1010 1459 42.

219 1521 327 1583 chart.
350 1542 438 1586 saec.
463 1523 551 1586 XVI
560 1524 609 1604 sf.
633 1526 695 1588 171
722 1543 825 1598 turm„
848 1525 989 1586 28><21
1015 1542 1078 1586 cm.
1102 1525 1124 1585 2
1146 1543 1191 1588 m.

325 1643 469 1708 Missale
492 1650 541 1720 (ut
563 1647 689 1708 videtur
713 1663 783 1708 sec.
806 1645 980 1707 rubricam
1003 1647 1155 1724 archiep.
1178 1645 1392 1726 Pragensis).

327 1730 346 1791 1.
376 1735 407 1794 la
433 1734 610 1812 »Incipiunt
632 1735 901 1812 praepositiones«
928 1739 1018 1804 (cunt
1042 1737 1128 1794 notis
1151 1736 1309 1806 musicis).

327 1817 346 1878 l.
375 1821 429 1880 14ιι
455 1819 540 1881 Nota
571 1825 736 1898 scriptoris
767 1821 946 1880 rubricata:
985 1818 1087 1880 »Huic
1121 1821 1194 1880 1000
1224 1819 1337 1880 aderat
1366 1819 1511 1882 loannes
1531 1821 1621 1884 Kord

98 1915 101 1920 ’
217 1899 441 1966 Trebonensis
464 1925 492 1968 a.
517 1908 547 1966 d.
577 1905 688 1968 1551«.

322 2010 489 2084 Sequuntur
512 2015 623 2086 aliquot
646 2015 715 2070 lolia
738 2018 887 2086 quaternis
911 2015 997 2070 lineis
1019 2015 1115 2069 rubris
1131 2016 1182 2070 sed
1201 2017 1303 2070 vacuis
1321 2016 1476 2085 instructa,
1492 2031 1618 2086 quorum

217 2097 389 2198 1110110011.
418 2099 506 2160 15&
532 2104 584 2172 16)
607 2104 704 2157 scriba
734 2102 853 2172 quidam
888 2103 1044 2158 modernus
1080 2101 1234 2172 epistolam
1265 2109 1293 2156 et
1327 2117 1433 2172 evang.
1468 2104 1618 2172 quoddam

215 2197 263 2236 tns
281 2201 304 2240 rr
326 2193 372 2242 stt.

264 2201 280 2241 c
306 2202 346 2329 pf.
375 2268 554 2334 lii-171b
582 2271 709 2332 Textus
733 2273 876 2332 missalis
899 2271 940 2331 ab
964 2272 1064 2331 altero
1088 2271 1195 2331 scriba
1218 2275 1381 2331 exaratus.

320 2376 363 2432 Ex
387 2380 456 2436 bibl.
481 2396 587 2440 canon.
612 2397 671 2450 reg.
696 2396 720 2436 s.
744 2380 820 2451 Aug.
845 2377 1036 2435 Tiebonensi.

322 2545 389 2625 135
806 2549 834 2623 I.
870 2548 906 2622 C.
935 2548 996 2622 43.

216 2684 324 2746 clznrt.
347 2705 435 2748 saec.
459 2686 528 2748 XV
545 2689 642 2768 (pars
665 2707 697 2750 a.
721 2687 821 2767 1421)
834 2685 883 2766 fs.
907 2689 974 2750 195
993 2707 1097 2766 tettan„
1120 2687 1264 2750 31><22
1286 2705 1349 2748 cra.
1374 2687 1395 2748 2
1418 2705 1461 2749 m.

324 2806 344 2868 1,
373 2804 530 2868 11-1531
553 2809 741 2887 (iohannis
764 2809 1046 2888 chrysostomii)
1076 2808 1260 2886 Expositio
1283 2809 1455 2886 evangelii
1480 2825 1508 2870 s.
1532 2810 1619 2872 Mat·

216 2893 308 2954 thaei
331 2910 404 2970 cap.
432 2893 546 2956 1-23.
562 2895 671 2958 »Sicut
695 2897 844 2971 referunt,
867 2895 1035 2957 lllatheum
1059 2897 1264 2958 conscribere
1289 2898 1492 2973 evangelium
1517 2914 1619 2958 causa

217 2982 350 3040 contulit
374 2983 462 3041 talis«
491 3033 496 3043 .
523 3030 529 3041 .
555 3033 561 3044 .
587 2985 619 3042 ><
646 2985 714 3044 »alli
738 2989 847 3044 autem
868 3001 926 3062 per
948 2984 1094 3061 singulas
1119 2986 1303 3061 provincias
1327 2983 1464 3061 dispersi
1483 2990 1560 3044 sunt
1583 2993 1618 3045 ut

218 3071 355 3143 perirent
377 3075 409 3128 et
432 3073 478 3128 sic
503 3075 554 3129 est
576 3069 703 3144 finis(?)
726 3077 785 3131 etc.
810 3068 870 3134 Cui
894 3073 999 3130 honor
1021 3076 1053 3130 et
1075 3070 1197 3130 decus«
1225 3120 1231 3130 .
1257 3117 1263 3128 .
1290 3120 1295 3130 .

320 3173 540 3245 Expositionem
570 3179 646 3233 hanc
676 3194 833 3249 possessor
862 3179 927 3234 libri
959 3193 1036 3232 saec.
1067 3175 1123 3231 XV
1154 3177 1330 3230 intrinsecus
1362 3190 1457 3246 operc.
1482 3193 1548 3247 sup.
1573 3193 1616 3231 re-

217 3262 306 3329 gistro
329 3263 467 3318 instruxit
487 3267 648 3320 secundum
671 3267 824 3336 pericopas
848 3281 863 3319 e
886 3264 1034 3319 Malthaeo
1057 3279 1107 3334 per
1123 3263 1264 3318 circulum
1285 3264 1353 3316 anni
1369 3263 1527 3332 legendas3
1552 3265 1617 3318 ideo

217 3349 246 3400 in
270 3348 411 3404 schedula
434 3353 572 3420 operculo
589 3369 653 3423 sup.
678 3353 861 3422 adglutinata
884 3353 1009 3406 occurrit
1031 3351 1133 3405 titulus
1156 3351 1269 3404 codicis
1293 3353 1389 3404 minus
1413 3351 1525 3405 iustus:
1551 3349 1618 3405 Ser-

219 3449 319 3488 mones
353 3437 388 3489 de
418 3443 546 3509 tempore
577 3447 605 3494 et
635 3441 670 3493 de
701 3441 821 3494 sanctis,
852 3437 921 3493 Post
951 3437 970 3493 1.
1006 3437 1063 3492 153
1100 3445 1262 3508 sequuntur
1291 3435 1405 3506 aliquot
1427 3436 1497 3491 solla
1520 3453 1613 3491 ‘vacua

219 3535 276 3574 non
300 3537 380 3578 num.

324 3622 345 3682 1.
374 3619 574 3685 1541-1941
597 3625 784 3687 Sermones
815 3624 946 3701 aliquot
975 3623 1017 3684 de
1048 3623 1232 3684 animabus
1263 3627 1299 3683 et
1328 3621 1369 3683 de
1393 3621 1618 3684 dedicatione.

218 3707 251 3768 ln
273 3707 339 3769 fine
363 3712 465 3772 rubr:
501 3711 656 3790 -uxpllctt
678 3731 705 3772 a.
732 3713 761 3772 d.
789 3710 891 3772 1421·
917 3711 1046 3784 (eadem
1064 3727 1164 3770 manu
1187 3711 1384 3770 rubricatum
1408 3713 1439 3769 in
1464 3711 1616 3787 operculo

218 3793 288 3854 inl:
317 3795 461 3858 »finitum
486 3799 548 3858 sub
571 3817 599 3859 a.
625 3801 656 3860 d.
685 3799 761 3860 1421
790 3805 934 3876 tempore
958 3796 1284 3876 llllylrleffistarunr«)

324 3882 345 3944 1,
375 3884 434 3945 195
458 3883 572 3946 Sermo
597 3886 636 3945 de
660 3903 795 3964 corpore
820 3884 938 3948 Christi
961 3889 1007 3956 (in
1031 3883 1095 3944 fine
1120 3887 1282 3956 mancus).

320 3990 392 4064 Fata
415 3993 526 4047 codicis
550 3995 604 4047 hae
635 4001 722 4048 notae
753 3993 915 4048 illustrant:
951 3991 1136 4046 1011011101.
1166 3991 1197 4046 l:
1226 3992 1329 4045 »delur
1352 3992 1472 4045 domino
1497 3990 1613 4060 Symul-

218 4075 317 4132 ltoni.«
343 4076 522 4134 Intrinsecus
546 4095 641 4149 opere.
666 4081 764 4136 inser:
800 4080 866 4136 »len
899 4078 939 4133 lV
957 4079 1113 4149 Apollonis
1141 4078 1280 4132 dominus
1311 4077 1456 4148 Symulka
1478 4093 1616 4132 accomo-

219 4163 298 4218 davit
322 4165 392 4219 mihi
423 4165 529 4220 librum
560 4167 668 4221 hunc«
704 4167 757 4220 »A.
790 4169 818 4222 d.
847 4167 926 4221 1458
951 4171 1018 4236 post
1040 4163 1091 4218 101.
1115 4163 1155 4218 IV
1179 4171 1244 4218 ante
1269 4162 1346 4218 Galli
1370 4167 1448 4218 dom.
1474 4163 1617 4232 Symulka

219 4252 295 4304 dedit
319 4251 389 4306 mihi
419 4253 498 4308 hunc
528 4253 643 4322 librum,
675 4261 707 4309 ut
730 4269 841 4308 orarem
872 4254 959 4307 deum
991 4267 1042 4322 pro
1066 4267 1101 4306 eo
1124 4257 1152 4305 et
1174 4252 1231 4305 hoc
1255 4251 1324 4306 volo
1349 4251 1472 4306 libenter
1494 4250 1614 4318 iacere«

221 4335 287 4392 oser.
317 4336 359 4391 IV
389 4347 456 4409 posi
486 4339 630 4395 Leonardi
661 4347 793 4395 mortuus
824 4347 877 4407 est,
909 4341 1072 4410 requiescat
1093 4340 1124 4393 in
1147 4353 1249 4410 pace«
1286 4338 1332 4392 Ad
1356 4339 1466 4392 calcem
1489 4338 1618 4390 eiusdem

220 4425 363 4494 operculi:
391 4425 554 4482 »Dominus
578 4426 736 4497 Gregorius
759 4428 930 4497 capellanus
953 4427 989 4480 de
1013 4425 1144 4495 Pyesslta
1167 4425 1256 4479 istum
1279 4425 1385 4479 librum
1408 4425 1618 4494 comparavit«

220 4508 250 4564 ln
273 4511 366 4567 lronte
391 4513 439 4568 101.
468 4516 479 4568 1
509 4529 597 4569 manu
622 4515 746 4570 recenti:
777 4513 965 4567 »Monosterii
988 4511 1241 4567 Borovanensis«.

322 4678 388 4760 136
806 4681 835 4756 I.
866 4680 903 4755 C.
932 4681 991 4754 44.

222 4819 325 4882 clari.
348 4839 435 4884 saec.
459 4821 529 4884 XV
538 4821 587 4902 ff.
612 4821 851 4898 15128120
874 4841 935 4884 cm.
964 4823 977 4883 1
1004 4841 1048 4883 at.

323 4941 506 5006 Tractatus
529 4944 570 5006 de
594 4943 805 5020 poenitentia
829 4945 885 5023 (:
905 4944 1049 5006 Summa
1064 4943 1105 5004 de
1122 4941 1336 5020 poenitentia
1358 4937 1551 5002 Innocentii
1574 4933 1621 4996 IV

224 5029 271 5088 vel
292 5035 399 5108 potius
423 5031 574 5093 Thomae
597 5033 639 5094 de
663 5031 842 5110 Gabbam).

264 5243 412 5302 lacatii:
432 5255 484 5299 Cat.
500 5254 552 5296 cod.
569 5254 614 5295 lat.
907 5257 940 5304 49
1468 5247 1479 5286 l
