4048 6012
500 768 568 849 m

391 911 499 974 chart.
522 926 608 971 saec.
632 907 702 970 XV
711 909 759 992 ff.
782 908 847 972 354
869 927 973 978 nram..
996 909 1085 972 3οΧ
1106 909 1149 971 22
1173 927 1235 972 cm.
1260 910 1291 970 d.
1315 927 1360 970 m.

495 1031 516 1092 l.
545 1026 686 1093 1-352b
710 1029 821 1092 Biblia
843 1047 946 1092 sacra
968 1032 1101 1093 veteris
1125 1037 1160 1093 et
1181 1030 1265 1094 novi
1299 1030 1501 1093 testamenti
1536 1033 1623 1090 initio
1648 1032 1792 1090 mutilata

391 1129 425 1188 (a
460 1136 530 1196 cap.
556 1115 594 1178 Ill
619 1116 865 1178 proverbiorum
890 1134 996 1196 usque
1020 1119 1061 1178 ad
1085 1117 1280 1179 Malachiam
1317 1119 1430 1196 proph.
1455 1121 1589 1178 omissis
1612 1117 1700 1177 libn's
1723 1115 1791 1177 illa-

391 1207 612 1266 cbabaeorum
637 1209 669 1264 et
691 1204 732 1264 ab
756 1221 872 1282 evang.
897 1203 1051 1266 llatbaeo
1075 1221 1184 1284 usque
1219 1205 1261 1266 ad
1285 1205 1431 1266 ultimam
1456 1222 1482 1265 s.
1507 1204 1595 1264 Pauli
1619 1205 1791 1282 epistolam

391 1293 433 1353 ad
457 1291 627 1352 Hebraeos
651 1294 785 1350 omissis
812 1291 879 1351 libr.
904 1295 1045 1366 ceteris).

496 1377 516 1438 l.
541 1373 748 1438 2761-283δ
772 1381 908 1450 (inserta
932 1384 1009 1438 sunt
1032 1377 1236 1457 apocrypha)
1269 1375 1390 1438 »Gesta
1414 1378 1585 1438 salvatoris
1608 1381 1710 1438 nostri
1735 1376 1791 1436 do-

392 1469 469 1526 mini
493 1465 572 1525 lesu
596 1462 724 1538 Christi,
760 1481 823 1542 que
848 1468 971 1525 invenit
993 1463 1277 1526 Theodosius...
1302 1469 1334 1526 in
1368 1464 1548 1525 Jerusalem
1583 1469 1616 1525 in
1650 1467 1791 1542 pretorio

392 1552 501 1613 Poncii
526 1551 632 1611 Pilati«
670 1554 725 1624 (z
760 1550 989 1628 Evangelium
1022 1550 1204 1614 Nicodemi
1227 1569 1307 1614 cum
1330 1552 1478 1628 epistola
1500 1548 1601 1612 Pilati
1623 1551 1667 1612 ad
1689 1549 1793 1612 Clau·

392 1639 487 1700 dium
510 1637 711 1716 Tiberium).

495 1724 516 1784 i.
540 1721 864 1785 352b-35428erm0
888 1725 929 1784 de
952 1725 1097 1784 adventu
1120 1723 1248 1786 Christi.
1281 1724 1314 1784 ln
1339 1724 1404 1784 line
1429 1731 1505 1786 nota
1539 1724 1703 1802 quaedam
1738 1738 1792 1783 co-

393 1813 497 1874 dicem
521 1827 725 1872 concernens
749 1828 844 1871 erasa
867 1816 926 1870 est.

500 1899 653 1971 Operculis
688 1901 818 1970 adligata
853 1909 922 1956 sunt
957 1902 1026 1956 bina
1060 1901 1110 1956 iol.
1147 1903 1267 1958 membr.
1304 1901 1459 1956 cuiusdam
1483 1901 1614 1956 Psalterii
1637 1901 1690 1957 lat.
1714 1915 1793 1955 saec.

392 1987 567 2044 Xll—Xlll.
592 1987 694 2042 Codex
719 1989 788 2043 bibl.
813 1987 1055 2058 Rosenbergicae,
1079 1988 1184 2042 deinde
1207 1995 1334 2045 monast.
1359 1987 1554 2043 Tlebonensis
1578 1988 1640 2043 fuit.

500 2155 554 2234 m
988 2155 1183 2230 ium

391 2295 499 2356 chari.
522 2311 609 2356 saec.
633 2293 704 2356 XV
722 2294 766 2355 in.
778 2291 825 2375 ff.
848 2293 921 2367 183,
946 2293 1084 2355 29><2r
1110 2312 1172 2355 cm.
1197 2294 1227 2355 d.
1253 2313 1295 2356 m.

497 2413 671 2476 Johannis
695 2413 737 2475 de
761 2413 795 2475 S.
819 2412 1026 2476 Geminiano
1039 2413 1135 2492 (dicti
1148 2413 1244 2488 Gori)
1261 2415 1449 2477 Sermones
1466 2415 1796 2493 quadragesimales.

499 2501 519 2561 l.
548 2503 578 2562 1·
602 2500 705 2562 »Cum
731 2505 890 2565 ieiunatis,
915 2505 1012 2562 nolite
1037 2501 1103 2561 fieri
1128 2506 1211 2562 sicut
1232 2506 1397 2580 ypocrita«
1425 2506 1456 2560 ><
1481 2501 1501 2563 l.
1530 2497 1603 2563 183b
1630 2502 1797 2580 »Quadra-

389 2589 545 2668 gesimale
568 2592 745 2666 geminiani
769 2589 892 2648 bonum
917 2594 948 2648 et
971 2589 1156 2665 populare«
1183 2589 1315 2668 (rubr.:)
1343 2588 1499 2666 »Explicit
1515 2589 1798 2667 quadragesimale

389 2675 593 2736 Genimiani«
620 2675 707 2751 (sic).

499 2763 530 2819 In
557 2765 649 2820 fronte
674 2765 693 2818 l.
722 2767 734 2818 1
762 2770 790 2818 et
812 2763 907 2818 ultimi
932 2765 1032 2819 eadem
1064 2773 1135 2819 nota
1169 2765 1315 2820 occurrit:
1351 2781 1421 2835 »pro
1445 2767 1502 2820 isto
1525 2767 1599 2820 libro
1623 2767 1690 2820 dedi
1714 2768 1800 2835 quin-

390 2853 532 2923 quaginta
554 2867 706 2921 grossos«
733 2849 765 2905 In
790 2849 839 2906 lol.
865 2853 1004 2921 operculo
1029 2867 1124 2921 super.
1149 2853 1278 2920 adligato
1303 2859 1437 2907 notatur:
1465 2853 1519 2907 ›A.
1543 2854 1572 2908 d.
1601 2852 1681 2907 1419
1705 2852 1800 2907 indie

391 2939 421 2994 S.
446 2937 549 2992 Crucis
572 2938 767 2992 exaltacionis
799 2937 871 2992 obiit
895 2938 1077 2992 honorabilis
1100 2939 1251 3008 presbyter
1266 2939 1345 2994 dom.
1371 2937 1544 3010 Gregorius
1567 2937 1702 3009 Sekyra,
1726 2937 1802 2993 illu·

391 3025 531 3080 minator
553 3037 699 3094 magnus,
731 3027 780 3094 qul
804 3024 912 3093 legavit
935 3025 1014 3079 bunc
1036 3024 1141 3078 librum
1166 3040 1217 3095 pro
1242 3033 1368 3081 monast.
1394 3025 1423 3082 S.
1448 3025 1548 3081 Karoli
1573 3041 1626 3096 pro
1650 3024 1799 3094 iratribus,

391 3127 466 3182 quos
492 3111 617 3165 multum
641 3111 751 3167 dilexit.
777 3109 864 3165 Orate
887 3125 955 3180 ergo
980 3127 1030 3180 pro
1055 3112 1153 3166 anima
1175 3113 1278 3182 ipsius,
1303 3113 1404 3167 iratres
1427 3113 1608 3182 predilecti.«
1639 3111 1700 3167 »Ex
1717 3112 1801 3166 libris

391 3200 536 3254 canoniae
561 3196 791 3252 canonensis«

499 3366 565 3444 m
997 3364 1191 3439 [DQ.

393 3507 501 3568 citari.
525 3521 610 3566 saec.
635 3502 723 3564 XIV
742 3521 788 3564 ex.
813 3507 843 3563 rt
865 3503 933 3564 XV
953 3503 996 3565 in.
1016 3501 1055 3583 ff.
1082 3503 1155 3578 187,
1178 3504 1316 3565 29)(21
1344 3521 1405 3564 cm.
1431 3505 1462 3564 d.
1488 3523 1532 3565 m.

501 3628 522 3688 i.
550 3625 907 3688 1¹-18bM0ra1itates
920 3626 1075 3688 biblicae.
1095 3625 1261 3702 »Regnum
1274 3629 1417 3686 celorum
1434 3630 1608 3704 acquiritur
1623 3643 1680 3704 per·
1695 3643 1799 3687 arma.

394 3716 523 3794 Legitur
546 3713 702 3780 ludicum
727 3713 834 3790 quod«
862 3716 894 3770 ><
921 3711 1128 3790 »Expliciunt
1149 3712 1304 3774 Historie
1329 3713 1461 3774 biblie«.

502 3801 522 3862 l.
551 3795 706 3861 rab-29·
734 3798 910 3877 »Incipiunt
932 3798 1185 3861 Similitudines
1209 3817 1287 3860 eum
1311 3798 1565 3860 Moralitatibus
1580 3815 1641 3876 per
1658 3799 1803 3860 modum

397 3888 600 3966 alphabeti«
628 3887 660 3943 ><
686 3885 890 3964 »Expliciunt
913 3885 1146 3948 Similitudines
1170 3889 1302 3946 collecte
1326 3887 1367 3946 de
1391 3887 1529 3945 diversis
1553 3887 1671 3945 libris«

503 3975 524 4035 l.
549 3972 705 4033 290—541·
730 3972 909 4050 »Incipiunt
932 3973 1188 4034 Auctoritates«
1225 3974 1257 4029 ><
1285 3971 1488 4051 »Expliciunt
1518 3972 1737 4033 Auctoritates
1761 3971 1801 4032 fr.

394 4063 526 4124 'rhome
557 4059 640 4120 dicti
663 4058 861 4121 clemencia
886 4109 892 4120 .
919 4108 924 4120 .
951 4110 957 4121 .
992 4077 1047 4136 per
1078 4076 1196 4119 manus
1228 4059 1263 4120 ir.
1287 4055 1518 4137 wenczeslay
1540 4058 1687 4136 lapicide
1711 4060 1799 4120 linire

396 4150 452 4209 ser.
477 4147 501 4208 ll
526 4151 558 4207 in
583 4147 634 4206 die
658 4144 841 4206 Collencii.«

507 4234 526 4294 l.
551 4226 709 4292 ῑ1ι11-59ὓ
737 4231 868 4310 »Incipit
899 4237 1054 4292 tractatus
1078 4232 1118 4291 de
1143 4232 1242 4292 modo
1265 4231 1408 4309 fugiendi
1442 4237 1632 4309 peccatum«
1660 4235 1693 4290 ><
1721 4231 1803 4292 »Ex-

397 4323 483 4400 plicit
507 4319 764 4397 Compendium
786 4321 958 4379 viciorum
983 4322 1095 4378 nescio
1119 4319 1270 4396 quando«
1299 4320 1383 4399 (sic).

507 4407 527 4468 i.
553 4406 597 4466 60
620 4404 724 4466 Notae
748 4410 855 4466 variae
881 4405 977 4465 theol.
1002 4409 1192 4483 argumenti.

507 4493 527 4554 l.
552 4487 709 4553 61·-9ol
734 4491 920 4562 (Jobannis
942 4490 1272 4566 Hildesbeimensis)
1304 4488 1412 4551 Gesta
1440 4489 1547 4551 trium
1582 4507 1711 4568 regum.
1750 4489 1805 4552 »ln

398 4586 501 4659 primo
534 4580 675 4658 capitulo
711 4579 808 4639 buius
841 4580 918 4648 libri,
954 4582 1007 4654 qui
1033 4583 1083 4637 est
1105 4579 1260 4637 collectus
1285 4577 1328 4637 do
1351 4581 1453 4653 gestis
1477 4583 1509 4637 et
1531 4577 1805 4638 translacionibus

398 4672 492 4728 trium
518 4683 718 4744 magorum.
740 4671 958 4726 ..narratur‹
985 4667 1017 4720 ><
1042 4665 1208 4736 (absoluto
1241 4681 1311 4741 cap.
1343 4663 1399 4742 46)
1426 4663 1537 4724 »linito
1563 4665 1642 4724 libro
1666 4669 1709 4725 sit
1731 4665 1805 4724 laus

398 4763 430 4815 et
452 4755 554 4832 gloria
578 4751 738 4813 Christo«

510 4840 530 4900 l.
555 4834 734 4900 iim-imi
757 4835 933 4916 Peregrini
949 4835 1146 4898 Sermones.
1162 4835 1266 4896 »Ecce
1291 4853 1347 4896 rex
1372 4843 1447 4896 tuus
1471 4841 1558 4897 venit
1582 4838 1656 4897 tibi«
1671 4838 1704 4894 ><
1723 4836 1806 4896 »Ex-

403 4928 489 5006 plicit
520 4926 712 5004 Peregrinus
744 4927 786 4986 de
816 4931 975 5002 tempore
1006 4941 1034 4984 a.
1067 4924 1097 4983 d.
1132 4921 1216 4983 1394
1245 4923 1300 4983 ier.
1326 4921 1363 4982 lll
1388 4928 1463 5001 post
1486 4922 1604 4984 testum
1630 4941 1657 4984 s,
1680 4922 1806 4984 Juliane

402 5033 433 5076 v.
459 5033 489 5092 g.
514 5021 594 5074 etc«

1089 5233 1124 5282 64
