4094 6016
792 589 1103 684 -aa-

245 795 446 872 Borgardum
470 795 510 854 de
535 795 645 856 hlontc
669 793 761 874 Syon
781 841 789 858 .
809 843 814 856 .
836 843 843 857 .
862 795 1029 873 Prologus.
1079 795 1299 856 Dilectissimo
1330 798 1362 854 in
1386 793 1461 855 Chr.
1487 797 1586 871 patri«
1614 795 1645 850 ><

249 886 321 942 »vix
344 899 419 941 eum
444 886 543 942 nimio
567 900 622 960 pre
646 883 756 943 dolore
781 887 943 960 cognovit.
975 882 1015 942 Et
1039 886 1087 942 sic
1111 888 1163 942 est
1186 881 1261 942 linis
1285 882 1412 941 huius«
1463 879 1644 958 Registrum

246 972 352 1046 operis
376 974 544 1046 sequentis
567 974 599 1030 in
622 969 641 1028 2
666 968 696 1030 it.
721 986 787 1030 non
811 986 901 1030 num.

348 1071 368 1132 i.
398 1069 555 1132 lli-4612
578 1078 736 1147 (anepigr.)
759 1072 881 1151 Cyrilli
904 1071 1010 1149 episc.
1057 1070 1305 1148 Apologeticus
1329 1070 1386 1148 (=
1410 1069 1645 1150 Quadriparti·

244 1163 319 1220 tum
344 1158 499 1231 morale).
549 1157 758 1220 »Secundum
790 1160 963 1220 Aristotilis
996 1162 1198 1219 sentenciam
1230 1161 1262 1218 in
1288 1157 1585 1218 Probleumatibus«
1615 1161 1645 1212 ><

250 1245 401 1321 »digestis
425 1249 554 1324 quierit.
579 1245 785 1325 Completum
810 1246 866 1306 ier.
890 1245 927 1308 lll
953 1255 1028 1324 post
1051 1245 1177 1324 palmas
1201 1261 1230 1304 a.
1255 1244 1285 1303 d.
1314 1242 1424 1304 risa«

348 1347 449 1409 Index
471 1349 695 1427 alphabeticus
719 1355 827 1429 operis
851 1354 1019 1428 sequentis
1043 1354 1074 1410 in
1098 1349 1118 1409 3
1143 1347 1174 1410 ff.
1199 1365 1265 1408 non
1290 1365 1378 1408 num.

348 1469 367 1530 l.
391 1466 576 1530 tiit-123¹>
599 1471 705 1544 (rubri
731 1472 861 1550 »incipit
885 1472 1040 1550 prologus
1063 1469 1336 1546 (commentarii)
1360 1469 1392 1531 S.
1417 1468 1643 1546 Augustini..

244 1555 281 1617 in
303 1556 488 1633 epistolam
511 1559 716 1620 canonicam
739 1557 792 1637 (l.)
816 1575 844 1620 s.
868 1557 1040 1619 Johannis
1095 1605 1101 1618 .
1130 1605 1137 1618 .
1165 1574 1262 1636 quam
1294 1557 1335 1617 ad
1371 1557 1527 1634 populum
1563 1555 1644 1616 inira

244 1643 462 1704 ebdomadam
488 1645 652 1722 pascalem
677 1645 881 1723 predicavit«
912 1643 1077 1704 »Meminit
1100 1648 1256 1704 sanctitas
1280 1650 1407 1704 restra«
1435 1645 1467 1700 ><
1495 1641 1643 1704 »Christo

248 1731 432 1807 predicanti.
457 1730 595 1809 Explicit
617 1733 697 1791 liber
720 1733 749 1792 h.
774 1733 947 1809 Augustini
972 1732 1116 1791 doctoris
1140 1735 1278 1790 eximii«

258 1921 261 1926 ,
347 1850 366 1910 i.
397 1849 596 1912 wll-129b
624 1851 767 1914 »Oracio
791 1853 867 1913 sive
887 1851 1048 1930 planctus
1078 1851 1258 1930 passionis
1283 1850 1413 1912 Christi
1436 1851 1480 1910 ad.
1511 1866 1539 1911 s.
1572 1849 1646 1912 Ma-

242 1937 331 1998 riam
354 1937 527 2014 virginem
550 1938 664 2000 editus
687 1957 709 2000 a
730 1939 760 2000 h.
778 1939 975 2016 Augustino
999 1939 1052 2018 (i).
1078 1938 1159 2018 Quis
1184 1939 1272 1998 dabit
1295 1941 1389 2016 capiti
1415 1953 1488 1997 meo
1502 1954 1642 2014 aquam«

246 2025 277 2084 Χ
304 2031 354 2084 »et
376 2025 458 2085 ultra
481 2042 556 2085 cum
580 2026 658 2086 Jesu
682 2025 747 2086 filio
772 2033 855 2086 tun«

347 2144 368 2205 i.
397 2145 778 2221 1312-192rmneprgr.)
824 2146 1108 2208 Commentarius
1139 2145 1178 2208 in
1209 2145 1392 2208 Canticum
1421 2144 1644 2206 canticorum.

249 2230 440 2291 »Osculetur
463 2249 514 2292 me
538 2235 652 2294 osculo
677 2239 741 2293 oris
766 2237 825 2294 sui.
850 2232 891 2293 Et
914 2237 1017 2311 primo
1041 2237 1072 2292 in
1098 2249 1200 2292 sensu
1224 2233 1416 2293 historiam«
1445 2234 1476 2288 ><
1503 2232 1643 2292 »ducen-

246 2326 285 2381 tis
308 2323 340 2380 in
363 2335 498 2395 corpore
522 2327 553 2379 et
576 2325 713 2382 omnia«
741 2318 893 2398 Sequitur
915 2320 1014 2380 index
1037 2320 1262 2397 alphabeticus
1287 2323 1319 2380 in
1343 2319 1363 2379 l.
1389 2335 1455 2380 uno
1468 2335 1535 2378 non
1552 2335 1641 2378 num.

348 2438 368 2500 t'.
397 2439 595 2500 1932-219·
617 2441 775 2520 (anepigr.)
798 2442 953 2504 Senecae
976 2440 1084 2520 (recte
1106 2439 1247 2502 Martini
1262 2439 1522 2512 Braccarensis)
1542 2439 1645 2501 Liber

245 2527 287 2586 de
308 2523 355 2585 IV
376 2525 564 2588 virtutihus
588 2527 820 2590 cardinalibus
842 2545 922 2591 cum
945 2527 1198 2590 commentario
1232 2532 1267 2590 et
1297 2527 1476 2610 nonnullis
1514 2526 1645 2604 glossis

246 2612 448 2674 bohemicis.
477 2613 610 2675 »Sciens
634 2633 675 2676 ex
698 2615 901 2693 irrefragabili
926 2619 1088 2676 veritate«
1119 2614 1285 2692 »Quatuor
1308 2621 1386 2676 sunt
1401 2619 1554 2675 virtutum
1572 2631 1646 2690 spe-

246 2703 331 2758 cies«
358 2701 392 2758 ><
419 2700 643 2762 »deiicientem
667 2709 879 2781 contempnat
901 2706 1094 2778 ignaviam·

348 2819 368 2880 i.
393 2817 598 2881 219b—254b
621 2822 704 2885 Aur.
727 2821 904 2885 Prudentii
935 2821 1127 2885 Clementis
1149 2821 1426 2902 Psychomachia
1449 2837 1528 2882 cum
1551 2837 1643 2882 com-

245 2905 416 2968 mentario
438 2908 620 2985 marginali
643 2913 678 2971 et
699 2909 922 2971 interlineari.
971 2909 1076 2970 »Ecce
1115 2927 1231 2970 senus
1266 2925 1360 2969 meus
1394 2907 1575 2986 intelliget«
1603 2943 1645 2950 -

248 2989 376 3053 »Senex
400 2993 525 3054 fidelis«
552 2998 584 3052 ><
610 2995 722 3056 »dives
747 3001 912 3077 sapiencia
935 3005 1076 3074 regnet«

347 3099 500 3171 Operculis
525 3105 653 3173 adligata
676 3111 745 3158 sunt
769 3105 929 3175 fragmenta
942 3107 1102 3160 membran.
1120 3105 1231 3159 codicis
1249 3105 1403 3158 cuiusdam
1420 3102 1547 3170 liturgici
1564 3117 1641 3156 saec.

245 3185 408 3242 xil-xili
433 3190 546 3244 neumis
570 3192 714 3246 instructi.

349 3353 428 3436 569
693 3359 763 3434 III.
794 3359 844 3434 H.
873 3359 933 3433 Io'.
963 3374 1007 3436 (Y¹
1027 3373 1047 3424 ΙΙ
1070 3377 1091 3424 ¹-
1110 3389 1136 3425 a·
1157 3375 1225 3426 104³

244 3495 351 3555 chart.
375 3513 462 3557 saec.
487 3495 608 3578 XVff,
631 3497 704 3560 314.
728 3499 771 3559 22
786 3503 815 3553 ><
830 3501 872 3561 16
894 3518 956 3560 crn.
981 3500 1012 3561 d.
1036 3517 1080 3559 nr.

345 3615 485 3678 Veteris
508 3617 722 3680 Testamenti
755 3619 848 3680 libri:
885 3619 1044 3694 Genesis,
1079 3619 1233 3694 Exodus,
1267 3617 1456 3692 Leviticus,
1490 3615 1644 3690 Numeri,

244 3701 564 3778 Deuteronomium,
580 3705 700 3780 issue,
715 3705 888 3782 iudicum,
906 3707 1008 3782 Ruth,
1026 3707 1168 3784 Regum,
1184 3705 1486 3783 Paralipomenon,
1501 3702 1643 3776 Esdrae,

244 3787 417 3866 Neemiae‚
447 3791 583 3866 Tobiae,
612 3792 745 3866 Judith,
776 3792 912 3868 Esther,
944 3793 1247 3868 Machahaeorum,
1270 3792 1347 3866 Job,
1378 3807 1454 3851 curn
1479 3791 1643 3851 nonnullis

244 3878 366 3952 glossis
389 3877 569 3940 bohemicis
593 3883 624 3939 in
649 3884 801 3956 margine

347 3983 379 4039 in
403 3985 452 4041 iol.
478 3989 636 4042 membran.
660 3987 822 4057 praeligato
847 3994 986 4041 notantur
1016 3988 1135 4057 quidam
1167 3993 1335 4057 peccatores
1370 4000 1437 4039 cum
1472 3989 1644 4054 interpreta-

244 4071 322 4125 tione
346 4073 515 4129 bohemica:
543 4074 741 4129 »divinatores
765 4076 909 4145 hadaczy,
933 4079 1151 4145 precantatores
1176 4074 1250 4142 (sic)
1273 4074 1476 4142 zaklynaczy«
1504 4077 1558 4130 etc.

350 4239 431 4320 570
700 4241 771 4316 III.
801 4240 850 4314 H.
884 4241 939 4314 Ιῖ.
968 4255 1012 4314 ti'.
1043 4256 1064 4306 1.
1085 4258 1107 4306 1.
1121 4272 1146 4306 a.
1159 4257 1213 4319 75.)

244 4381 352 4442 chart.
376 4399 462 4442 saec.
488 4380 686 4442 XIV-Xl'
698 4381 746 4460 ss.
765 4382 838 4451 Jo'i,
854 4383 893 4442 21
899 4383 931 4442 ’5
942 4384 974 4438 ><
986 4383 1029 4443 16
1044 4398 1106 4442 cm.
1126 4381 1140 4441 i
1159 4399 1203 4440 m.

348 4503 368 4564 i.
397 4499 511 4562 1¹³-9a
535 4502 703 4582 Quaestio
731 4511 857 4563 »utrum
871 4505 922 4562 lex
935 4509 1031 4562 retus
1047 4501 1141 4562 luerit
1155 4506 1284 4579 gravior
1296 4517 1394 4580 quam
1411 4505 1452 4560 sit
1467 4501 1519 4561 lex
1536 4518 1640 4562 nova«

246 4591 277 4644 ><
303 4597 356 4649 »ut
379 4594 481 4650 eciam
506 4591 617 4650 dieunt
648 4591 851 4668 Augustinus
878 4595 910 4649 et
932 4587 1099 4666 Origenes
1133 4588 1173 4648 Et
1196 4593 1243 4648 sic
1268 4595 1319 4648 est
1343 4587 1418 4648 finis
1442 4588 1539 4647 huius
1564 4605 1645 4666 que-

248 4680 390 4736 stirmis«

348 4779 367 4839 i.
396 4776 576 4840 10¹¹—lticlb
615 4780 647 4842 S.
679 4778 775 4841 Pauli
809 4777 961 4855 apostoli
996 4777 1175 4855 Epistolae
1206 4779 1249 4839 ad
1279 4777 1431 4850 Galatas,
1461 4776 1644 4854 Ephesios

246 4863 496 4942 Philippenses,
520 4865 764 4942 Colossenses,
787 4865 1129 4940 Thessalonicenses,
1152 4864 1382 4938 Timotheum,
1405 4863 1531 4940 Titum,
1562 4864 1646 4924 Phi-

246 4951 420 5013 lemonem
442 4955 694 5015 commentario
717 4954 917 5014 instructae.
946 4951 1101 5012 »Galathe
1125 4958 1202 5013 sunt
1218 4951 1331 5012 Greci«
1359 4953 1390 5008 Χ
1411 4955 1514 5012 »sicut
1532 4968 1645 5012 exem-

247 5039 366 5116 platum
390 5041 432 5100 ab
456 5042 642 5119 exemplari,
667 5057 765 5119 quam
788 5044 930 5117 graciam
954 5040 1050 5100 nobis
1075 5039 1221 5099 conferat
1244 5039 1270 5099 J.
1288 5037 1364 5100 Chr.
1382 5039 1412 5099 d.
1430 5055 1473 5110 n,
1491 5043 1562 5116 qui«
1583 5047 1642 5098 etc.

920 5263 971 5311 233
