4060 6014
930 611 993 673 766

364 816 444 900 765
840 817 911 896 IV.
939 817 991 894 H.
1018 819 1056 893 I.

259 957 367 1019 chart.
391 975 424 1020 a.
447 957 536 1020 1715
546 955 596 1036 ss.
618 955 681 1018 171
705 958 795 1038 (pag.
817 957 906 1038 343),
928 958 1060 1022 20><17
1083 975 1145 1021 cm.
1174 961 1192 1021 1
1217 976 1262 1020 m.

259 1077 352 1140 Petri
374 1076 506 1140 Canisii
528 1079 558 1138 S.
583 1076 614 1139 J.
638 1075 883 1141 catechismus
906 1079 1099 1142 catholicus
1122 1094 1229 1158 opera
1252 1085 1287 1142 et
1309 1079 1428 1142 studio
1462 1078 1496 1142 P.
1532 1078 1653 1144 Jacobi

259 1165 321 1226 des
343 1165 462 1244 llayes
485 1163 605 1226 Leodii
627 1164 716 1243 apud
740 1163 823 1227 Guil.
847 1165 945 1228 Henr.
970 1164 1074 1229 Streel
1104 1181 1133 1230 a.
1167 1164 1251 1228 1682
1285 1167 1411 1242 editus,
1447 1183 1539 1228 nunc
1572 1184 1657 1230 vero

259 1251 313 1327 (ci.
339 1269 412 1331 pag.
435 1252 470 1327 5)
500 1251 631 1329 Pragae
653 1268 683 1312 a.
710 1249 793 1314 1715
816 1253 1003 1331 exscriptis
1041 1251 1312 1316 Commentariis
1334 1253 1372 1315 Ρ.
1397 1253 1565 1332 Stephani
1587 1254 1657 1317 Me·

544 1337 660 1400 nochli
684 1337 904 1418 (Antwerpiae
931 1339 1014 1401 1679
1037 1341 1145 1414 editis)
1168 1340 1374 1402 illustratus.

367 1445 497 1502 Indicam
520 1451 616 1518 operis
639 1447 707 1502 vide
731 1447 761 1502 in
784 1447 922 1518 operculo
946 1461 1041 1518 super.
1067 1462 1161 1505 verso.
1184 1447 1217 1503 ln
1241 1446 1334 1504 lronte
1358 1447 1407 1506 iol.
1436 1449 1469 1504 1²
1495 1449 1568 1504 haec
1591 1455 1661 1505 nota

261 1532 403 1588 occurrit:
430 1531 647 1589 »Bibliothecae
672 1533 738 1591 coll.
764 1533 792 1590 S.
817 1532 842 1590 l.
868 1536 905 1590 ad
929 1531 959 1590 S.
985 1532 1164 1590 Clementem
1188 1536 1337 1592 maioris«

365 1699 444 1781 766
720 1700 789 1776 IV.
819 1699 877 1776 H.
901 1701 935 1776 2.
962 1717 1048 1781 (itt.
1073 1720 1096 1769 r.
1115 1733 1141 1768 a.
1160 1718 1213 1780 49.)

261 1839 370 1936 chari.
393 1857 480 1902 saec.
504 1837 627 1920 XVff.
652 1839 712 1901 161
738 1857 843 1914 amna,
866 1839 905 1901 21
920 1841 1043 1902 ><15·5
1063 1857 1124 1903 cm.
1150 1841 1180 1902 d.
1204 1859 1249 1902 m.

368 1960 388 2022 i.
418 1957 553 2022 12—501’
576 1959 613 2022 Β.
643 1960 850 2040 Hieronymi
884 1961 1063 2040 Expositis
1099 1977 1206 2040 super
1239 1959 1486 2025 Ecclesiasten.
1536 1961 1662 2024 »Verba

261 2047 480 2109 Ecclesiastes
503 2047 557 2108 lilii
581 2045 707 2108 David«
734 2049 766 2104 ><
793 2048 960 2109 »laudetur
982 2049 1135 2110 excelsus
1159 2048 1251 2111 deus.
1298 2048 1438 2111 Finitum
1471 2054 1522 2110 est
1543 2050 1607 2110 hoc
1630 2066 1659 2111 a.

261 2136 292 2196 d.
321 2136 359 2196 14
378 2183 384 2196 .
406 2186 411 2196 .
436 2135 567 2214 (lacuna
583 2151 624 2196 ex
648 2138 808 2210 scissura)
820 2142 972 2196 octavum
997 2137 1099 2196 tribus
1116 2136 1234 2197 diebus
1250 2139 1282 2196 in
1299 2137 1351 2196 illa
1368 2137 1494 2216 syllaba
1510 2154 1562 2197 me
1578 2141 1657 2197 etc«

369 2238 389 2300 i.
414 2233 576 2300 510-6412
599 2237 756 2316 (anepigr.)
780 2237 947 2317 Dialogus
970 2241 1013 2300 de
1035 2238 1191 2302 vanitate
1215 2239 1346 2301 mundi.
1373 2238 1421 2302 »Ο
1446 2240 1568 2302 munde
1600 2244 1660 2300 im·

260 2327 402 2388 munde«
427 2327 461 2384 ><
486 2329 780 2404 »interrogaciones
804 2331 858 2386 tue
881 2329 1013 2387 inicium
1037 2333 1171 2388 sumant
1194 2333 1253 2388 etc.
1296 2326 1384 2388 Finis
1408 2333 1460 2387 est
1482 2328 1576 2388 libelli
1599 2325 1657 2388 ier.

261 2412 285 2475 11
309 2418 385 2492 post
407 2416 552 2473 invoca«
580 2410 687 2490 (Opus
711 2413 774 2473 hoc
796 2417 828 2473 in
850 2417 950 2473 veteri
974 2413 1123 2491 catalogo
1147 2411 1279 2492 Hugoni
1303 2413 1508 2487 attribuitur.)

369 2515 389 2578 i.
413 2511 572 2577 bell—167⁸
596 2515 632 2577 L.
656 2516 792 2578 Annaei
814 2516 968 2578 Senecae
983 2515 1085 2578 Liber
1100 2516 1141 2578 de
1159 2516 1324 2578 moribus.
1351 2515 1476 2579 »Omne
1490 2523 1661 2595 peccatum

261 2607 352 2665 accio
376 2604 557 2664 voluntaria
581 2609 650 2664 est«
676 2605 709 2660 ><
735 2620 854 2681 »quarn
879 2619 942 2682 que
967 2619 1113 2682 aspera«

369 2707 390 2768 i.
414 2706 575 2769 68“--95Ε
599 2706 760 2770 Anselmi
783 2706 1048 2770 Cantuariensis
1086 2707 1250 2769 »Pustilla
1272 2723 1379 2786 super
1401 2707 1576 2785 psalmum
1598 2705 1663 2769 Mi-

262 2810 409 2856 serere«
438 2793 646 2855 »Fortissime
670 2795 771 2855 deus«
799 2796 831 2852 ><
858 2794 1015 2872 »Explicit
1037 2795 1166 2873 pustilla
1190 2811 1289 2874 super
1311 2795 1474 2876 psalmum
1505 2793 1661 2856 Miserere

261 2882 407 2942 Anselmi
431 2879 676 2942 Cantuariensis
700 2885 820 2960 scripta
842 2898 899 2960 per
921 2897 1040 2942 manus
1064 2881 1237 2942 cuiusdam
1261 2899 1290 2943 a.
1315 2881 1347 2942 d.
1375 2881 1487 2942 itta«

370 2985 388 3046 i.
413 2981 596 3048 ast-101²
620 2983 804 3062 Expositio
841 2984 1011 3046 orationis
1047 2984 1253 3047 dominicae.
1301 2985 1412 3046 »Pater
1449 2991 1565 3047 noster
1599 2991 1660 3047 etc.

263 3070 291 3134 O
314 3075 476 3132 immensa
498 3074 694 3133 clemencia«
725 3073 750 3135 ><
780 3071 891 3150 »Expl
915 3088 1030 3151 expos
1055 3072 1122 3134 Pet.
1147 3077 1252 3133 nost«

370 3175 389 3236 i.
419 3173 620 3237 loli-106⁸
642 3173 825 3254 Expositio
847 3175 1018 3239 orationis
1044 3176 1166 3239 »Salve
1189 3176 1338 3254 regina«.

370 3279 390 3342 i.
419 3279 619 3342 loce-109⁵
647 3279 864 3342 »Bernardus
888 3279 1122 3360 (claraevall.)
1146 3297 1252 3358 super
1273 3281 1350 3344 Ave
1381 3279 1520 3342 Maria«
1572 3277 1662 3340 »Tibi

263 3368 393 3429 domine
417 3368 500 3428 deus
522 3371 669 3444 gracias«
696 3369 728 3424 ><
754 3384 836 3446 »que
860 3367 918 3428 luit
941 3372 1053 3428 matris
1077 3373 1108 3428 et
1130 3367 1202 3428 titii«
1240 3365 1348 3446 (Opus
1384 3383 1549 3442 mancum,
1585 3383 1661 3427 narn

263 3455 440 3516 rubricator
461 3453 568 3514 addit:
594 3452 622 3516 O
646 3458 768 3515 utinam
793 3453 983 3532 finivisses.)

371 3558 391 3620 i.
420 3557 617 3620 1102-124a
641 3557 730 3636 Mag.
752 3557 874 3620 Jacobi
896 3556 1106 3620 Parisiensis
1129 3556 1263 3620 Solutio
1294 3556 1521 3635 quaestionis
1545 3561 1663 3617 utrum

261 3644 349 3707 viris
373 3644 621 3708 ecclesiasticis
645 3645 748 3706 liceat
770 3643 899 3721 aliquid
921 3643 1113 3722 possidere.
1137 3647 1339 3720 (Inscriptio)
1389 3643 1492 3722 »Mag
1518 3643 1662 3704 Jacobus

262 3737 428 3808 (sequentia
451 3737 613 3792 rubricator
636 3733 761 3804 addidit)
785 3731 976 3792 Parisiensis
1000 3737 1176 3810 postquam
1200 3735 1288 3791 venit
1311 3731 1446 3808 Pragam
1464 3731 1664 3790 ambasiator

263 3823 347 3898 regis
371 3818 515 3892 Francis,
539 3823 694 3880 invitatus
717 3823 768 3878 est
791 3835 848 3896 per
870 3816 944 3878 Hus
967 3823 1000 3878 et
1022 3819 1103 3878 alios
1127 3816 1338 3890 WiclefistaS‚
1363 3822 1415 3878 cui
1440 3817 1660 3894 subscriptam

263 3910 468 3984 questionem
503 3911 751 3984 proposuerunt.
787 3903 918 3984 (atram.)
954 3903 1036 3965 lnter
1069 3905 1131 3965 alia
1165 3904 1330 3982 disputata
1368 3921 1410 3964 ex
1434 3909 1599 3981 tempore«
1628 3905 1660 3960 ><

266 4009 460 4071 »aggregare
483 4009 588 4070 queso
612 3993 745 4071 dignare
768 3992 904 4052 Amen«
930 3989 1102 4070 (Quaestio
1126 3992 1208 4052 haec
1231 3994 1263 4051 in
1280 3991 1353 4051 cod.
1370 3988 1557 4050 Vindobon.
1576 3988 1663 4050 4933

263 4078 402 4141 Johanni
426 4076 546 4141 Stokes
569 4080 773 4152 attribuitur.)

371 4183 391 4245 i.
420 4181 620 4243 1258-1361ι
646 4185 802 4262 (anepigr.)
833 4181 1010 4262 Quaestio,
1044 4185 1180 4242 »utrum
1215 4181 1257 4243 de
1291 4179 1502 4241 necessitate
1538 4178 1663 4241 salutis

264 4270 310 4332 sit
332 4269 511 4332 hominem
534 4267 692 4332 confiteri
715 4269 801 4331 solis
833 4267 1082 4348 presbyteris«,
1116 4267 1233 4330 soluta
1265 4267 1436 4328 adversus
1472 4266 1664 4328 doctrinam

263 4355 515 4419 Waldensium.
544 4353 679 4418 »Utrum
702 4361 761 4417 etc.
787 4354 836 4432 (ut
859 4355 973 4434 supra)
1007 4358 1118 4416 omnia
1152 4370 1215 4414 sua
1244 4359 1380 4432 peccata
1413 4359 1479 4414 tarn
1514 4355 1662 4415 mortalia

264 4461 362 4522 quarn
385 4445 541 4504 venialia«
568 4443 600 4499 ><
627 4447 673 4502 »si
696 4445 727 4502 in
752 4443 815 4502 hoc
838 4443 963 4503 mundo
987 4459 1053 4503 non
1077 4441 1171 4503 fuerit
1194 4441 1346 4502 deletum.
1377 4439 1443 4500 Ista
1466 4439 1660 4501 sufficiant«

264 4528 371 4609 (Opus
393 4531 522 4590 videtur
544 4546 620 4590 esse
643 4529 901 4606 autographum
926 4529 985 4589 sed
1010 4528 1173 4605 discrepat
1185 4528 1226 4588 ab
1243 4528 1446 4606 homonyma
1461 4531 1663 4604 quaestione,

264 4633 348 4696 quae
370 4621 402 4677 in
426 4617 500 4678 cod.
524 4615 575 4678 IV.
600 4614 640 4677 H.
667 4615 685 4675 7
710 4621 742 4676 et
765 4614 841 4676 Vlll.
866 4614 900 4674 F.
925 4616 944 4675 2
968 4616 1151 4676 attribuitur
1173 4613 1217 4674 M.
1242 4613 1410 4692 Stephano
1435 4613 1576 4687 Palecz.)

371 4719 392 4782 i.
420 4715 623 4781 lilii—161b
660 4723 817 4794 (anepigr.)
855 4717 1089 4798 Quaestiones
1127 4717 1342 4796 theologicae
1379 4716 1497 4778 variae
1542 4715 1662 4794 (utrum

264 4824 381 4869 omnes
404 4813 570 4869 creaturae
594 4807 635 4866 ad
661 4809 711 4867 sui
735 4810 991 4884 permanentiam
1015 4806 1201 4866 immediate
1218 4805 1384 4882 indigeant
1406 4821 1426 4864 a
1450 4804 1512 4864 deo
1529 4819 1664 4864 conser-

265 4899 349 4966 vari;
373 4893 414 4954 de
437 4893 521 4966 iato;
545 4899 653 4954 utrum
679 4893 762 4953 deus
786 4893 945 4954 mundum
970 4893 1058 4953 hunc
1082 4897 1191 4970 potest
1202 4892 1253 4952 vel
1269 4894 1373 4969 potuit
1387 4892 1477 4951 aliter
1493 4889 1662 4960 ordinare;

265 4999 308 5042 an
331 4981 413 5041 deus
437 4985 479 5041 sit
501 4983 618 5040 unicus
642 4986 784 5052 creat0r;
809 4980 850 5040 de
876 4983 1018 5057 peccatis
1044 4985 1102 5040 etc.
1128 4982 1206 5053 etc.)
1229 4977 1348 5052 (Etiam
1373 4977 1434 5038 hae
1452 4980 1662 5056 quaestiones

265 5069 485 5147 autographae
509 5084 584 5127 esse
608 5067 782 5142 videntur.)

938 5288 989 5338 309
