3974 6014
1593 553 1637 606 vll

235 759 341 840 Quem
365 761 512 822 codicem
536 765 584 822 vir
607 761 872 839 diligentissimus
895 761 921 822 J.
940 761 1075 824 Loserth
1098 780 1127 825 a.
1157 762 1238 825 1889
1260 767 1383 824 invenit
1404 768 1437 824 et
1459 765 1521 824 sub
1546 766 1636 826 titulo

235 869 344 925 minus
367 869 453 926 iusto
479 863 565 926 »Der
587 867 701 927 diteste
725 865 863 944 Katalog
885 866 943 927 der
965 865 1083 944 Preger
1105 865 1519 929 Universitdtsbibliothek‹
1547 884 1636 929 sum-

236 972 347 1030 matim
371 969 489 1047 publici
513 973 592 1030 iuris
616 965 740 1044 lecit.¹¹)
777 967 899 1032 Codice
929 971 992 1032 hoc
1016 987 1081 1032 non
1105 975 1262 1032 contineri
1297 971 1511 1032 bibliothecae
1535 976 1635 1033 totius

235 1075 453 1133 universitatis
477 1071 651 1152 Pragensis
684 1069 880 1153 catalogum,
914 1074 946 1134 id
971 1074 1060 1154 quod
1084 1073 1220 1134 Loserth
1255 1079 1374 1135 temere
1409 1073 1635 1148 affirmaverat,

234 1180 300 1236 iam
324 1175 404 1238 Rud.
428 1175 571 1238 Wolkan
603 1181 755 1257 exposuit
789 1180 821 1253 (l.
847 1195 874 1240 c.
898 1177 965 1253 59),
997 1181 1052 1258 qul
1076 1184 1185 1239 tamen
1209 1182 1242 1239 in
1266 1193 1390 1238 novum
1414 1195 1554 1239 errorem
1578 1178 1632 1239 de-

234 1280 349 1358 lapsus
383 1285 443 1356 est,
478 1297 552 1342 cum
588 1297 705 1342 omnes
735 1285 767 1342 in
791 1283 941 1360 catalogo
966 1281 1163 1343 Rudnicensi
1198 1285 1372 1361 inscriptos
1406 1283 1504 1344 libros
1538 1285 1636 1343 unius

235 1386 360 1464 collegii
383 1383 531 1447 Nationis
556 1385 746 1447 bohemicae
770 1387 872 1447 luisse
897 1388 1138 1448 declaravisset.
1171 1385 1331 1466 Equidem
1355 1389 1387 1446 in
1411 1383 1636 1464 disquisitione

235 1504 336 1566 supra
359 1495 539 1550 memorata
560 1495 760 1566 argumentis
783 1491 916 1552 edocui:
942 1490 1055 1552 codice
1079 1489 1277 1552 Rudnicensi
1297 1493 1453 1552 contineri
1469 1491 1636 1570 catalogos

236 1592 333 1669 duos,
367 1608 505 1671 quorum
540 1593 628 1654 alteri
662 1597 837 1673 inscriptos
871 1612 947 1655 esse
982 1595 1081 1656 libros
1116 1595 1241 1673 collegii
1263 1592 1411 1656 Nationis
1435 1595 1636 1669 bohemicae,

234 1696 370 1756 alterum
395 1697 535 1757 eundem
558 1701 745 1759 vetustioris
768 1699 905 1776 catalogi
928 1715 1004 1759 esse
1028 1699 1253 1776 apographum
1273 1715 1302 1758 a.
1319 1698 1443 1760 circiter
1462 1696 1537 1759 1461
1559 1714 1635 1759 exa-

236 1805 351 1874 ratum,
376 1802 524 1878 catalogo
547 1809 655 1862 autem
681 1805 785 1880 priore
809 1804 910 1863 multo
926 1807 1105 1882 antiquiore
1121 1802 1350 1867 verisimillime
1366 1805 1522 1863 contineri
1538 1803 1636 1864 libros

234 1903 359 1980 collegii
382 1902 540 1983 Hedvigis
570 1909 711 1983 reginae,
746 1907 881 1984 collegia
917 1903 1102 1967 »Nationis«
1141 1911 1174 1966 et
1208 1904 1388 1984 »Reginae«
1425 1905 1581 1984 catalogis
1604 1909 1636 1966 in

236 2023 339 2070 unum
373 2009 526 2070 volumen
561 2009 754 2071 coadunatis
789 2010 922 2070 dimidlo
957 2027 1044 2072 saec.
1067 2008 1137 2070 XV.
1163 2011 1391 2098 bibliothecam
1426 2025 1637 2071 communem

234 2113 401 2186 habuisse,
426 2129 524 2193 quam
549 2119 742 2175 sententiam
767 2114 885 2192 pallida
907 2118 1114 2193 inscriptione
1137 2117 1170 2176 in
1186 2114 1340 2193 operculo
1364 2117 1529 2192 superiore
1556 2109 1635 2174 »Na-

234 2220 331 2277 tionis
348 2216 566 2278 Bohemorum
584 2217 682 2278 studii
698 2217 870 2295 Pragensis
893 2221 1045 2296 registra‹
1072 2223 1192 2296 optime
1217 2219 1354 2297 probari,
1379 2233 1453 2279 cum
1469 2217 1636 2294 catalogus

235 2323 346 2398 utique
369 2322 626 2398 comprehendat
648 2322 747 2383 libros
770 2323 962 2384 bohemicae
985 2327 1135 2397 nationis,
1161 2323 1221 2384 sed
1245 2323 1384 2384 duorum
1407 2323 1556 2384 eiusdem
1573 2321 1637 2382 col-

235 2425 402 2501 legiorum.
447 2425 681 2486 Annotandum
717 2430 803 2488 enim
834 2432 884 2488 est
907 2428 1091 2506 composito
1116 2427 1198 2488 bello
1222 2427 1372 2500 husitico,
1407 2443 1482 2487 cum
1507 2431 1637 2486 exterae

236 2531 385 2588 nationes
408 2529 603 2590 haereticam
627 2535 870 2592 universitatem
894 2533 1185 2608 perhorrescerent,
1211 2535 1322 2592 omnia
1345 2531 1542 2592 scholarium
1570 2529 1637 2590 col·

237 2631 319 2710 legia
345 2629 510 2694 »Nationis
533 2633 742 2695 bohemicae«
768 2635 867 2713 vulgo
889 2636 1050 2712 appellata
1072 2651 1156 2696 esse.
1332 2633 1335 2638 ’

344 2751 390 2814 Ut
412 2753 532 2815 docent
566 2757 751 2834 complures
786 2759 1026 2843 signaturamm
1051 2759 1187 2818 lacunae
1210 2757 1250 2817 in'
1266 2756 1414 2834 catalogo
1440 2751 1636 2826 »Nationis«,

236 2859 299 2917 iam
324 2861 409 2918 circa
432 2875 460 2917 a.
491 2857 565 2919 1461
606 2861 695 2920 multi
729 2861 797 2920 libri
831 2861 907 2922 huic
941 2862 1155 2922 bibliothecae
1191 2861 1340 2933 deerant;
1371 2859 1583 2948 nihilominus
1605 2862 1637 2919 in

237 2961 354 3022 eodem
379 2961 514 3024 Loserth
543 2961 624 3024 1079
647 2963 780 3024 codices
804 2970 1013 3026 enumeravit.
1061 2964 1207 3042 Quorum
1233 2981 1353 3042 magna
1379 2979 1454 3042 pars
1477 2965 1510 3024 in
1527 2962 1637 3023 biblio·

238 3067 334 3126 theca
356 3072 469 3127 nostra
492 3067 601 3128 adhuc
624 3075 812 3128 asservatur
835 3069 930 3146 (inter
945 3071 1026 3130 alios
1042 3073 1290 3147 antiquissimus
1307 3084 1394 3129 saec.
1412 3065 1501 3145 1er
1516 3069 1639 3143 integer

235 3155 343 3231 codex
366 3169 453 3245 485),
479 3171 539 3232 sed
563 3175 666 3232 maior
688 3177 871 3250 temporum
895 3175 1059 3251 iniquitate
1084 3175 1254 3250 perierunt,
1286 3171 1469 3249 exquibus
1493 3171 1638 3247 inprimis

235 3273 369 3334 codices
393 3275 474 3335 tertii
501 3275 720 3336 »abecedarii«
747 3277 914 3336 historiam
938 3280 1074 3354 patriam
1096 3275 1303 3348 illustrantes
1328 3290 1412 3353 quos
1436 3279 1469 3336 in
1486 3272 1637 3351 disquisi-

236 3383 323 3438 tione
346 3395 421 3438 mea
444 3384 708 3454 commemoravi,
734 3379 880 3440 dolenter
903 3380 1136 3440 desiderantur.
1161 3377 1227 3441 Sed
1251 3380 1352 3440 multo
1375 3382 1555 3456 graviorem
1580 3376 1637 3436 lib-

235 3497 345 3542 rorum
379 3485 535 3543 iacturam
580 3481 789 3544 Lituanorum
826 3485 997 3564 collegium
1031 3485 1123 3558 lecit;
1161 3491 1362 3564 quamquam
1397 3463 1482 3544 enim
1516 3483 1638 3560 aliquot

235 3586 307 3647 dies
331 3590 363 3648 in
386 3587 617 3665 comparandis
640 3588 792 3649 librorum
817 3592 887 3649 eius
918 3589 1015 3650 titulis
1039 3593 1241 3666 consumpsi,
1267 3593 1375 3648 tamen
1401 3586 1486 3646 duos
1510 3591 1636 3646 tantum

236 3694 329 3769 primi
362 3691 579 3751 »abecedarii«
606 3691 736 3752 codices
759 3697 791 3754 in
814 3693 942 3754 libraria
972 3699 1085 3754 nostra
1108 3697 1195 3754 certo
1221 3695 1339 3770 agnovi
1363 3690 1416 3768 (D,
1433 3688 1585 3752 18:111.
1599 3687 1636 3748 E.

234 3790 274 3858 '11
302 3801 334 3856 et
357 3793 664 3870 D.20:V.A.3).
698 3795 856 3876 Quamvis
892 3797 1030 3856 dubitari
1053 3813 1120 3856 non
1144 3800 1257 3875 possit,
1294 3799 1371 3874 quin
1407 3795 1515 3873 plures
1550 3792 1637 3871 apud

236 3915 299 3962 nos
323 3903 498 3978 supersint,
533 3905 642 3962 tamen
677 3905 849 3980 praecipue
884 3901 982 3961 huius
1009 3900 1132 3977 collegii
1162 3901 1271 3974 libros,
1307 3915 1391 3978 quos
1426 3901 1458 3958 in
1489 3897 1637 3974 catalogo

237 4003 373 4066 Loserth
398 4002 459 4065 787
484 4008 693 4074 enumeravit,
709 4005 886 4083 permultos
900 4008 1034 4082 periisse
1058 4019 1115 4081 pro
1128 4011 1215 4064 certo
1240 4003 1416 4064 tenendum
1429 4007 1488 4062 est.
1503 3999 1636 4062 Aufere-

236 4109 355 4169 bantur
388 4114 497 4168 autem
529 4111 592 4168 iam
618 4125 703 4169 saec.
727 4107 788 4168 XV
810 4109 909 4176 multi,
941 4113 977 4168 ut
999 4115 1095 4168 notae
1119 4110 1151 4168 ln
1174 4109 1323 4185 catalogo
1347 4109 1471 4186 passim
1507 4105 1637 4174 docent,

236 4219 392 4290 quantam
416 4212 567 4272 librorum
581 4228 680 4273 manu
694 4211 886 4291 scriptorum
905 4216 1060 4272 incuriam
1074 4213 1252 4290 posteriora
1265 4216 1411 4288 tempora
1427 4209 1636 4280 ostenderint,

238 4316 377 4376 breviter
398 4315 480 4376 inira
503 4316 618 4377 dicam.
1304 4299 1305 4306 ἵ

344 4413 397 4500 Ex
419 4441 504 4498 notis
528 4437 724 4516 quibusdam
759 4438 883 4500 codicis
907 4437 1134 4511 RudnicensiS,
1170 4453 1252 4515 quae
1287 4436 1328 4496 ad
1354 4431 1515 4498 Reckonis
1543 4435 1636 4496 colle·

238 4545 325 4620 glum
346 4559 379 4601 a.
409 4539 490 4600 1439
513 4545 692 4603 institutum
724 4547 756 4602 et
785 4541 827 4602 ad
858 4543 1031 4602 ecclesiam
1055 4557 1082 4600 s.
1107 4539 1264 4619 Stephani
1301 4544 1352 4601 »in
1387 4555 1481 4601 muro
1504 4537 1636 4599 Maioris

340 4761 378 4840 ¹¹)
400 4767 618 4841 Mitthcilungcn
643 4771 671 4825 cl.
697 4768 766 4826 Inst.
793 4769 811 4824 1.
836 4771 937 4828 dsterr.
963 4768 1068 4826 Gesch.
1093 4767 1142 4838 XI,
1168 4759 1348 4825 301-318,
1373 4766 1438 4840 Quo
1455 4767 1638 4824 commodius

238 4853 273 4926 ie,
297 4855 346 4928 qui
370 4856 444 4911 haec
466 4855 587 4927 antiqua
609 4856 730 4928 registra
754 4856 911 4928 aliquando
937 4857 1047 4928 integra
1071 4855 1200 4912 editurus
1224 4862 1311 4926 esset,
1334 4855 1425 4910 libros
1448 4855 1638 4927 consignatos

240 4957 305 4997 cum
344 4942 495 4998 codicibus
519 4941 627 4998 nostris
651 4941 780 4998 conferre
802 4949 912 5014 posset,
936 4943 1059 4999 codibus
1083 4943 1152 4998 olim
1176 4943 1365 4998 clementinis
1396 4941 1522 5012 catalogi
1547 4945 1637 4997 nostri

240 5036 350 5085 veteres
373 5026 552 5100 sigrlaturae,
588 5035 732 5101 quotquot
755 5035 935 5102 supererant,
960 5031 1089 5086 adiectae
1113 5037 1192 5088 sunt.
