4048 6012
913 579 972 642 186

339 786 359 848 i.
383 783 542 848 32-19612
572 787 707 851 Johlini
740 788 783 851 de
816 783 978 851 Wodlran
1010 787 1180 850 Postillae
1214 787 1451 850 Zderaziensis
1484 803 1567 866 pars
1600 785 1639 850 11.

239 871 371 952 »Incipit
403 874 552 936 secunda
585 891 661 954 pars
697 876 824 955 postille
861 873 1085 937 Sderasiensis
1120 875 1283 958 videlicet
1308 891 1384 954 pars
1418 874 1642 958 quadragesi·¹

234 958 339 1021 malls
436 961 567 1040 incepta
590 963 653 1022 sub
676 980 705 1024 a.
730 963 762 1024 d.
789 961 871 1024 1408
894 961 951 1023 fer.
983 961 1025 1022 IV
1057 965 1206 1041 sequenti
1241 968 1318 1040 post
1339 962 1461 1022 festum
1484 979 1511 1023 s.
1535 959 1637 1022 Galli«

236 1047 270 1104 ><
292 1045 328 1108 In
362 1047 383 1108 I.
423 1047 483 1108 196
506 1049 687 1110 absolvitur
709 1065 819 1110 sermo
843 1054 876 1111 in
898 1048 955 1110 fer.
979 1046 1009 1108 V
1032 1065 1162 1127 magna.
1197 1047 1232 1109 In
1266 1047 1370 1110 Ironte
1394 1048 1447 1109 Iol.
1476 1047 1639 1110 tathaee

237 1138 316 1196 nota
338 1139 494 1196 occurrit:
521 1133 575 1196 »Si
598 1139 632 1198 in
648 1141 718 1196 istis
735 1136 950 1217 sequentibus
966 1135 1009 1196 XI
1025 1135 1110 1197 soliis
1133 1152 1200 1196 non
1216 1140 1332 1214 poterit
1347 1141 1451 1197 totum
1468 1135 1563 1196 scribi
1581 1183 1587 1196 .
1606 1183 1613 1196 .
1632 1181 1639 1196 .

233 1221 397 1282 scribatur
418 1225 451 1283 in
474 1223 587 1284 ultimo
611 1228 764 1285 sextemo
788 1227 919 1302 papiri«
1554 1231 1557 1237 ’

249 1361 253 1370 =
341 1324 362 1386 i.
389 1322 592 1388 197⁸-203b
616 1325 798 1388 Sermones
821 1333 853 1388 et
875 1328 955 1388 aliae
979 1331 1075 1388 notae
1099 1325 1140 1386 de
1164 1341 1300 1406 corpore
1323 1323 1451 1388 Christi.

340 1428 361 1492 i.
385 1426 592 1492 204⁸-220b
615 1428 731 1492 Sermo
763 1432 803 1492 de
835 1435 990 1511 passione
1025 1427 1154 1504 Christi,
1192 1447 1269 1509 quo,
1304 1436 1340 1492 ut
1361 1431 1497 1506 videtur,
1534 1423 1641 1492 scriba

234 1521 362 1596 partem
384 1515 410 1579 II
433 1517 581 1596 postillae
605 1518 755 1580 absolvit

340 1619 361 1682 1.
385 1619 559 1682 221-225
582 1619 763 1683 Sermones
786 1621 909 1700 aliquot
943 1621 1155 1702 anepigraphi
1191 1627 1223 1684 et
1244 1627 1342 1683 notae
1365 1622 1527 1700 quaedam
1551 1622 1640 1684 theo-

237 1707 373 1786 logicae.
397 1705 446 1768 De
470 1707 523 1769 iol.
548 1709 660 1770 ultimo
683 1709 758 1769 vide
782 1725 891 1788 supra.
1631 1719 1632 1722 ’

341 1813 521 1872 Inln'nsecus
544 1817 676 1886 operculi
700 1832 801 1889 super.
823 1832 913 1872 manu
935 1831 1014 1872 saec.
1037 1815 1093 1872 XV
1116 1821 1251 1874 notatur:
1289 1815 1392 1872 »Liber
1425 1815 1456 1872 S.
1491 1814 1636 1872 Corone.‹

345 1999 418 2082 184
846 2001 877 2078 I.
904 2003 952 2078 D.
980 2003 1041 2078 44.

239 2141 347 2204 chart.
371 2159 404 2204 a.
428 2141 514 2205 1404
524 2142 573 2226 ff.
596 2143 670 2218 201,
694 2143 838 2207 29><22
860 2161 920 2206 cm,
943 2143 975 2204 d.
999 2161 1045 2206 m.

342 2262 363 2323 i.
392 2265 403 2324 l
432 2266 537 2339 (inez)
564 2263 624 2326 >Et
648 2270 699 2326 est
722 2265 858 2326 collecta
880 2281 910 2325 a.
941 2265 973 2326 d.
1001 2263 1084 2327 1404
1117 2264 1173 2327 ier.
1209 2263 1251 2328 VI
1275 2271 1351 2345 post
1373 2265 1493 2326 festum
1517 2263 1642 2328 Urbani

238 2353 410 2411 continens
433 2354 466 2412 in
490 2368 527 2412 se
551 2368 724 2413 sermones
749 2352 789 2412 de
812 2357 959 2430 tempore
983 2371 1003 2414 a
1026 2353 1077 2414 die
1108 2351 1194 2414 festo
1225 2369 1325 2432 pasce
1355 2353 1513 2414 inclusive
1536 2369 1643 2433 usque

236 2436 282 2497 ad
316 2436 494 2498 adventum
529 2438 652 2500 domini
684 2440 902 2500 exclusive..
925 2489 931 2500 .
956 2445 988 2500 et
1010 2443 1059 2502 sic
1082 2439 1143 2500 hec
1167 2440 1296 2518 postilla
1318 2445 1350 2500 in
1373 2445 1439 2500 tres
1462 2445 1571 2519 partes
1595 2440 1641 2499 di-

239 2527 312 2584 visa
346 2528 491 2586 continet
513 2529 545 2586 in
570 2542 607 2586 se
631 2542 804 2587 sermones
827 2542 886 2604 per
909 2526 1067 2587 circulum
1090 2531 1198 2588 anni«
1245 2524 1425 2589 Collatione
1459 2542 1535 2587 cum
1569 2526 1642 2587 cod.

237 2616 353 2674 nostro
376 2609 397 2672 I.
422 2609 457 2672 B.
483 2611 525 2674 28
547 2619 683 2691 apparet
705 2613 818 2674 titulus
840 2613 911 2673 hic:

239 2712 371 2776 Johlini
394 2707 531 2794 (dedek)
565 2715 608 2779 de
630 2711 789 2778 Wodr'ran
811 2715 982 2778 Postillae
1003 2715 1243 2780 Zderaziensis
1265 2733 1348 2796 pars
1362 2715 1407 2778 111
1422 2713 1643 2796 (aestivalis).

342 2821 497 2894 Operculis
521 2823 651 2894 adIIgata
674 2831 744 2880 sunt
766 2825 927 2894 fragmenta
951 2827 1019 2884 cod.
1043 2825 1172 2882 hebraici
1194 2839 1272 2883 saec.
1296 2823 1375 2882 XIV.
1398 2825 1440 2898 (1)
1463 2823 1565 2880 Codex
1586 2824 1645 2896 pri-

240 2925 318 2964 mum
341 2915 469 2966 monast.
493 2909 722 2979 Borovanensis,
746 2912 851 2967 deinde
869 2912 938 2972 bibl.
964 2911 1208 2984 Rosenbergicae,
1232 2919 1380 2984 postremo
1396 2913 1500 2968 iterum
1515 2915 1643 2968 monast.

240 2996 360 3067 praelati
383 2997 446 3054 fuit.

348 3183 418 3266 185
837 3187 865 3264 I.
891 3188 942 3264 D.
969 3187 1029 3264 45.

240 3319 318 3382 Duo
331 3319 429 3400 solia
451 3325 639 3388 membran
660 3342 693 3386 a.
711 3326 806 3396 1592.
828 3327 873 3389 52
895 3344 959 3389 cm.
985 3328 1059 3389 alta
1081 3329 1112 3386 et
1132 3323 1176 3388 34
1199 3342 1263 3388 cen.
1287 3325 1370 3398 lata,
1387 3323 1560 3402 inquibus
1581 3323 1644 3385 im·

240 3408 355 3470 mixtis
378 3410 426 3472 Iit.
449 3411 570 3474 rubris
593 3412 837 3494 calligraphice
852 3414 1043 3494 perscripta
1080 3415 1160 3474 sunt
1183 3411 1343 3474 carmina
1356 3407 1574 3490 funebralia,
1608 3413 1646 3472 ut

241 3494 372 3557 indicat
394 3496 449 3558 hic
473 3499 593 3561 titulus
615 3501 650 3561 in
663 3497 785 3578 fronte
800 3498 867 3579 fol.
887 3500 998 3581 primi
1018 3499 1239 3561 rubricatus:

343 3617 520 3697 Exequiae
544 3628 676 3684 omatis.
702 3629 735 3685 et
757 3629 835 3703 optt.
870 3627 964 3684 viror.
996 3628 1060 3700 atq.
1086 3625 1304 3682 maximorum
1338 3625 1417 3680 natu
1447 3617 1644 3680 academiae

241 3701 429 3782 PragensIs
453 3709 722 3786 magistrorum:
746 3710 897 3773 Mathiae
919 3707 1114 3788 Bydzovini
1137 3709 1178 3769 ab
1201 3706 1387 3780 Auentino,
1411 3710 1506 3766 aetat.
1531 3703 1640 3766 LXXI.

239 3797 273 3852 et
292 3791 441 3854 Ioannis
464 3793 584 3857 Fortii.
596 3795 787 3874 Gurimeni,
810 3803 906 3858 aetat.
920 3795 1055 3859 LXXIII.
1080 3793 1198 3858 Christi
1222 3811 1300 3855 vero
1319 3791 1402 3855 1590
1417 3809 1522 3853 mens.
1539 3790 1642 3854 Iler.

241 3877 324 3941 dieb.
349 3878 467 3942 XXIIX
490 3889 522 3943 et
544 3882 636 3944 XXX
659 3889 710 3964 pie
734 3884 989 3947 defunctorum.
1013 3881 1202 3961 Sequuntur
1233 3881 1299 3941 duo
1334 3884 1478 3941 carmina
1512 3883 1644 3939 auctore

240 3962 372 4028 'Iboma
394 3966 479 4030 Mite
501 3967 709 4049 Lymusaeo.
756 3971 791 4033 In
825 3972 942 4032 eodem
978 3970 1031 4031 iol.
1056 3985 1153 4030 verso
1188 3972 1343 4046 reperitur
1365 3983 1497 4028 carmen
1520 3963 1646 4026 Adami

240 4050 442 4116 Hrodisteni
464 4059 497 4117 in
520 4058 645 4119 obitum
668 4057 712 4119 M.
737 4057 873 4119 Ioannis
897 4057 1002 4118 Fortii.
1049 4056 1083 4118 In
1108 4055 1161 4116 lol.
1186 4055 1287 4115 altero
1311 4053 1374 4114 sub
1397 4054 1504 4114 titulo:
1532 4052 1643 4112 »Alius

240 4145 355 4202 auctor
376 4141 470 4203 fecit«
496 4150 548 4206 est
570 4162 702 4206 carmen
727 4144 813 4223 Mag.
836 4143 963 4206 Adami
984 4143 1123 4205 Rosacii
1147 4139 1303 4204 Suticeni
1325 4145 1357 4201 in
1381 4141 1505 4201 obitum
1529 4155 1645 4199 eorun-

243 4225 316 4286 dem
340 4233 579 4306 magistrorum,
603 4233 646 4292 ad
669 4237 763 4293 cuius
787 4233 910 4292 calcem
935 4231 1041 4291 scriba
1064 4247 1185 4290 nomen
1209 4244 1307 4288 suum
1331 4229 1643 4304 monogrammatice

240 4313 374 4376 velavil:
402 4314 482 4376 »MR
505 4323 635 4396 scripsit
658 4336 699 4380 m.
725 4336 755 4397 p.
782 4317 873 4380 1592.
898 4317 928 4379 3.
953 4317 1086 4379 Calend.
1112 4315 1218 4376 illati«

349 4507 417 4588 188
856 4507 887 4583 I.
915 4509 958 4584 E.
986 4505 1021 4580 1.

242 4649 351 4711 chart.
376 4666 409 4711 a.
426 4649 521 4727 1659,
532 4648 579 4731 ff.
603 4648 656 4725 50,
681 4650 826 4712 19><15
847 4668 910 4712 cm.
934 4650 952 4710 1
976 4668 1021 4711 m.

344 4772 469 4835 Brevis
492 4771 616 4833 relatio
639 4771 849 4833 missionum
872 4775 1012 4848 patrum
1036 4767 1216 4831 societatis
1231 4766 1319 4828 Jesu
1334 4765 1369 4826 in
1384 4761 1486 4826 Nova
1500 4761 1646 4825 Francia
1699 4774 1714 4803 i

243 4875 265 4920 a
285 4860 324 4922 R.
348 4859 387 4922 P.
412 4858 599 4921 Francisco
621 4857 778 4936 Josepho
800 4857 969 4920 Bressani
1002 4857 1149 4916 eiusdem
1186 4855 1350 4914 societatIs
1385 4849 1552 4910 Bononiae
1586 4853 1644 4910 im·

245 4965 359 5026 pressa
381 4948 486 5008 italice
509 4963 538 5008 a.
567 4945 648 5006 1653
672 4953 704 5006 et
726 4945 923 5023 compendio
950 4941 1115 5005 latinitati
1137 4941 1265 5002 donata
1287 4954 1379 5000 anno
1404 4934 1496 4998 1659,

344 5056 389 5113 Ex
412 5055 570 5110 residentia
593 5053 623 5113 S.
648 5053 673 5110 J.
697 5049 890 5111 Libesicensi

924 5272 958 5324 68
