3974 6014
901 589 961 652 143

331 793 350 853 i.
376 789 537 856 352--90l
560 793 729 858 Diversae
753 796 845 860 vitae
869 815 898 860 s.
914 797 1116 861 Wenceslai
1132 796 1332 875 (Gumpoldi‚
1349 802 1514 878 anonymi,
1539 797 1629 862 Chri-

220 882 316 940 stiani
340 882 493 942 monachi
516 917 559 924 -
582 882 621 943 el.
647 881 768 944 Fontes
799 902 857 946 rer.
883 887 948 946 boh
972 887 992 948 l.
1019 883 1069 946 No
1092 883 1156 958 Vll,
1179 883 1235 956 Xl)
1259 889 1380 946 inserto
1412 902 1564 947 sermone
1588 885 1628 945 de

221 967 431 1028 translatione
454 969 602 1029 eiusdem
627 974 777 1048 martyris
810 988 960 1033 necnon
983 976 1082 1033 van'is
1106 975 1267 1048 excerptis
1291 987 1309 1030 e
1333 976 1554 1033 monumentis
1579 973 1625 1033 hl-

220 1056 349 1112 storicis
373 1071 474 1115 manu
506 1059 634 1133 scriptis
665 1063 697 1118 et
720 1061 889 1135 impressis
912 1058 1000 1133 (Vita
1023 1061 1180 1137 anonymi
1203 1058 1366 1136 discrepat
1387 1060 1429 1119 ab
1453 1059 1539 1120 edita
1563 1059 1626 1120 sub

219 1156 251 1198 n.
278 1139 320 1200 ix
343 1144 374 1200 in
398 1139 490 1201 Font.
516 1159 574 1202 rer.
601 1142 692 1211 boh.)

330 1225 349 1286 l.
375 1224 537 1289 illi—93b
561 1227 709 1306 Willigisi
733 1229 872 1309 archiep.
898 1229 1079 1311 llloguntini
1103 1231 1212 1292 relatio
1235 1247 1273 1290 ac
1299 1247 1476 1309 processus
1492 1235 1523 1292 in
1541 1232 1626 1292 lacto
1726 1250 1729 1261 ¹

218 1311 384 1373 homicidii
408 1313 526 1375 fortuiti
549 1333 578 1376 a.
603 1315 667 1376 976
690 1319 917 1396 (transscripta
940 1325 972 1379 et
996 1323 1085 1378 notis
1109 1321 1288 1390 instructa).

331 1399 351 1460 l.
377 1400 433 1460 94¹¹
455 1399 482 1461 E
505 1402 618 1462 codice
642 1419 703 1464 ms,
737 1404 948 1481 parthenonis
972 1405 1015 1465 ad
1043 1403 1076 1466 S.
1101 1402 1277 1483 Georgium
1301 1407 1426 1478 (re'atio
1450 1404 1536 1466 idem
1560 1422 1629 1465 mo·

219 1491 400 1547 hasterium
425 1493 652 1562 concernens).

330 1573 350 1634 l.
375 1573 504 1634 95-99
527 1573 755 1653 Necrologium
781 1577 990 1638 bohemicum
1015 1593 1056 1637 ex
1080 1581 1227 1656 margine
1251 1575 1473 1656 lilartyrologii
1497 1578 1570 1639 edit.
1596 1582 1628 1639 in

221 1660 364 1722 Dobneri
389 1659 535 1722 hlonum.
560 1662 605 1726 lll.
634 1665 673 1740 l).

327 1745 347 1806 i.
377 1746 546 1810 100-110
568 1748 731 1827 Excerpta
754 1766 771 1808 e
796 1749 934 1810 diversis
958 1751 1120 1812 chronicis
1143 1753 1316 1829 impressis
1349 1767 1401 1810 res
1436 1752 1628 1812 bohemicas

218 1838 458 1894 concernentia.

327 1919 347 1980 l.
376 1921 559 1982 lli—115⁸
573 1918 655 1983 Vita
678 1939 706 1983 s.
729 1921 931 1985 Weneeslai
953 1924 1101 1985 ecodice
1124 1923 1291 2002 metropol.
1310 1923 1400 2002 Prag.
1425 1926 1536 1996 (etiam
1561 1924 1626 1984 dis-

220 2023 360 2085 crepans
383 2008 424 2067 ab
448 2008 534 2068 edita
557 2011 589 2069 in
613 2007 704 2070 Font.
738 2009 801 2070 sub
824 2028 854 2071 n.
878 2009 936 2084 IX)
959 2017 1101 2084 auctore,
1125 2017 1161 2071 ut
1183 2015 1322 2088 putatur,
1347 2009 1491 2089 Hyzone
1514 2010 1620 2088 episc.

219 2093 395 2171 Pragensi.

329 2179 349 2240 i.
378 2177 564 2242 115b—139
588 2180 749 2260 Excerpta
772 2199 790 2242 e
815 2183 952 2244 diversis
976 2184 1138 2244 chronicis
1162 2187 1341 2262 impressis.

329 2267 348 2327 l.
377 2266 437 2328 140
461 2265 548 2330 »Cur
570 2266 801 2330 Zventibaldus
825 2271 979 2330 ducatum
1004 2270 1179 2330 Bohemiae
1203 2271 1244 2331 ab
1272 2271 1440 2349 Arnulpho
1468 2273 1621 2348 petierit«

325 2375 392 2430 Sine
416 2376 506 2430 dubio
530 2391 567 2430 ex
591 2383 717 2432 monast.
742 2375 772 2434 S.
796 2376 966 2432 Wenceslai
989 2377 1148 2448 Neo-Prag.

325 2541 395 2622 143
825 2545 855 2620 I.
884 2545 932 2620 D.
959 2547 995 2620 3.

217 2682 327 2744 chart.
350 2700 439 2744 saer.
462 2681 551 2746 XVI
569 2683 678 2746 r'nertn.
693 2682 743 2762 ff.
767 2684 832 2748 133
853 2705 957 2760 raram„
980 2685 1123 2748 20><14
1145 2703 1207 2748 cm.
1230 2687 1253 2748 3
1275 2703 1319 2746 m.

323 2807 404 2862 Folio
435 2809 573 2880 operculo
606 2825 702 2881 super.
738 2811 867 2880 adligato
898 2825 1003 2864 manus
1034 2813 1176 2866 recentior
1206 2811 1283 2866 hunc
1314 2811 1431 2866 titulum
1454 2809 1621 2881 inscripsit:

217 2893 379 2964 Epistotae
404 2891 538 2952 Bouslai
560 2895 598 2951 de
622 2896 810 2952 Loblrowitz
833 2901 865 2950 et
887 2896 1086 2966 opusculum
1110 2897 1148 2952 de
1172 2897 1301 2952 miseria
1324 2897 1474 2952 humana.
1509 2895 1620 2951 Eodem

217 2981 267 3036 sol.
291 2997 375 3036 verso
406 2983 480 3037 haec
511 2991 581 3038 nota
605 2999 709 3038 manus
733 2999 861 3038 coaevae
886 2985 1028 3041 occurrit:
1057 2983 1129 3039 »llic
1152 2991 1195 3039 est
1219 2990 1346 3040 caracter
1369 2990 1397 3038 et
1420 2999 1525 3038 manus
1549 2999 1618 3054 pro·

217 3069 279 3138 pria
311 3071 339 3123 d.
371 3067 542 3124 Venceslai
572 3067 708 3124 Picettni
739 3071 843 3126 decani
875 3069 1030 3140 Pragensis
1060 3071 1183 3126 ecclesie
1213 3077 1241 3126 et
1272 3071 1340 3126 olim
1371 3071 1488 3141 plebani
1519 3069 1622 3124 Crum-

218 3155 370 3210 noviensis
394 3161 422 3210 et
446 3155 645 3211 archidiaconi
671 3155 891 3213 Bechinensis.‹

324 3255 343 3315 i.
373 3259 407 3317 1¹¹
436 3255 654 3317 »Periucunde
678 3263 710 3317 et
733 3262 816 3317 scitu
839 3273 905 3318 non
930 3258 1059 3335 indigne
1083 3257 1113 3317 d.
1137 3256 1280 3319 Bouslai
1303 3256 1344 3318 de
1360 3255 1569 3318 Loblrowicz
1586 3261 1621 3318 ct

217 3341 257 3402 de
280 3341 516 3404 Hassenstein
539 3343 685 3420 epistole
710 3344 869 3404 laudabile
893 3344 1019 3404 lacinus
1044 3344 1264 3420 Pragensium,
1289 3344 1377 3421 quod
1401 3347 1482 3404 inter
1505 3343 1619 3404 sedem

216 3431 428 3506 apostolicam
452 3437 484 3490 et
507 3433 597 3508 ipsos
622 3429 802 3507 Pragenses
819 3431 991 3508 ambigitur
1014 3478 1021 3490 .
1047 3479 1052 3490 .
1080 3479 1085 3490 .
1111 3435 1315 3491 continentes
1339 3431 1380 3490 ad
1404 3429 1564 3491 loannem
1578 3429 1619 3490 de

218 3513 425 3576 Domaslavie
450 3519 550 3576 misse
574 3521 730 3594 incipiunt
754 3517 924 3577 foeliciter«
951 3516 1015 3590 (lO.
1041 3525 1101 3578 oct.
1132 3517 1235 3591 1493).

323 3619 343 3678 i.
369 3616 405 3678 2b
428 3618 649 3696 Epigramma
672 3621 703 3680 d.
726 3619 870 3682 Bouslai
892 3621 947 3694 (de
971 3621 1088 3680 eodem
1113 3620 1279 3691 lacinore).

322 3705 342 3765 i.
367 3705 404 3765 3a
426 3705 597 3768 Victorini
621 3709 662 3767 de
686 3707 859 3768 Wssehrd
882 3724 1022 3768 carmen
1046 3707 1216 3768 adversus
1239 3705 1433 3784 pontifices.

321 3792 341 3852 l.
365 3795 402 3852 4α
423 3792 566 3854 Bouslai
589 3793 620 3854 d.
651 3793 688 3854 L.
711 3793 868 3872 Epistola
890 3794 933 3854 ad
948 3797 1022 3856 Joa.
1038 3794 1079 3855 de
1097 3793 1319 3856 Domaslavie
1336 3793 1373 3854 in
1394 3791 1616 3855 Victorinum

214 3877 392 3940 invectiva
415 3880 457 3952 (2.
483 3884 544 3940 ian.
575 3881 680 3953 1494).

321 3982 342 4044 i.
371 3981 408 4043 13
431 3982 598 4044 Bohuslai
621 3983 834 4060 epigramma
856 3983 1028 4044 adversus
1052 4000 1192 4044 carmen
1215 3981 1394 4046 Victorini.

320 4068 339 4130 l.
370 4065 423 4129 14¹³
451 4067 652 4147 »Sequentes
677 4073 776 4130 hasce
801 4073 955 4148 epistolas
980 4071 1066 4131 dom.
1091 4069 1310 4132 Venceslaus
1336 4072 1377 4132 de
1395 4071 1527 4132 Rowne
1545 4073 1616 4134 lun·

214 4155 305 4216 dator
328 4161 440 4216 noster
463 4160 590 4234 propria
614 4175 675 4217 sua
699 4174 802 4218 manu
826 4163 970 4218 exaravit
993 4158 1118 4218 calamo
1143 4159 1274 4235 quidem
1298 4159 1420 4218 celeri«

321 4257 340 4318 l.
370 4259 407 4320 15
430 4257 627 4320 Bohuslaus
652 4262 693 4320 de
716 4259 753 4320 L.
778 4259 971 4323 Cristanno
995 4278 1061 4322 suo
1077 4260 1185 4322 Pedik
1202 4279 1227 4321 s.
1247 4279 1275 4340 p.
1294 4261 1323 4323 d.
1341 4263 1396 4336 (de
1414 4266 1477 4322 situ
1494 4261 1614 4341 Pragae

214 4353 245 4406 et
266 4346 445 4406 incolarum
470 4348 639 4419 moribus).

319 4432 339 4492 t.
365 4432 692 4494 23130nus1ausde
717 4433 752 4494 L.
776 4433 906 4495 Joanni
929 4434 971 4494 de
996 4433 1222 4495 Domaslavie
1247 4453 1273 4495 s.
1299 4453 1327 4512 p.
1354 4435 1384 4494 d.
1417 4435 1471 4503 (de
1495 4441 1614 4496 eventu

214 4523 253 4578 rel
278 4519 532 4590 Olomucensis).

319 4606 338 4666 l.
364 4605 401 4666 31
430 4605 596 4667 Bohuslai
618 4607 659 4667 de
684 4606 720 4667 L.
744 4606 891 4683 epistola
908 4607 950 4667 ad
978 4607 1192 4668 Vladislaum
1208 4624 1325 4684 regem
1341 4607 1405 4682 (22.
1422 4625 1488 4685 apr.
1507 4608 1613 4682 1497).

318 4692 338 4752 l.
363 4693 406 4752 55
428 4693 617 4770 Augustini
642 4693 869 4772 (Kiisenbrot)
892 4693 1028 4755 llloravi
1051 4695 1200 4770 epistola
1222 4698 1263 4754 ad
1287 4694 1503 4755 Bohuslaum
1518 4695 1559 4756 de
1575 4695 1611 4756 L.

213 4777 274 4849 (24.
299 4797 366 4858 apr.
389 4779 482 4851 1497)
505 4797 682 4842 recensens
706 4786 738 4840 et
760 4782 898 4840 laudans
930 4785 1076 4858 priorem.
1113 4779 1315 4859 (Sequuntur
1337 4783 1504 4858 complura
1537 4782 1613 4843 folia

215 4880 314 4925 vacua
337 4883 405 4926 non
428 4871 531 4938 num.)

297 4953 315 5013 l.
341 4952 382 5012 57
406 4952 604 5014 Bohuslaus
628 4953 669 5014 de
693 4954 730 5015 L.
753 4953 905 5015 Martino
940 4953 980 5014 dc
1004 4953 1184 5015 Melcrstat
1208 4971 1233 5014 s.
1259 4971 1289 5032 p.
1314 4955 1343 5014 d.
1375 4953 1534 5031 (Epistola
1557 4955 1611 5015 de·

216 5035 365 5099 dicatoria
388 5044 495 5117 operis
519 5040 558 5100 de
584 5045 713 5100 miseria
736 5041 904 5114 humana.)

894 5265 922 5312 si
1477 5253 1501 5303 ⁴·
