3974 6014
890 600 932 662 88

214 804 379 868 {tuicionis
403 823 466 867 nos
489 811 661 886 participes
697 805 814 870 efficiet
842 806 941 870 Jesus
972 805 1123 870 Christus
1161 807 1249 870 dom.
1284 815 1406 883 noster,
1445 814 1499 888 qui
1538 827 1614 872 cum

214 898 406 970 palmeta«

323 995 343 1058 i.
367 991 551 1058 482-11012
573 996 754 1076 (Eiusdem
777 997 947 1077 auctoris)
978 997 1161 1072 Expositio
1184 999 1347 1078 decalogi.
1397 1001 1523 1062 »Preter
1546 1017 1615 1078 pre-

215 1088 310 1160 cepta
332 1083 413 1162 legis
436 1091 569 1145 nature»
595 1087 629 1144 ><
655 1088 726 1146 »cui
751 1091 802 1145 θεῖ
824 1086 930 1146 honor
953 1093 985 1148 et
1006 1087 1107 1164 gloria
1129 1090 1231 1146 virtus
1248 1093 1280 1148 et
1295 1093 1443 1165 potestas
1466 1105 1524 1166 per
1546 1087 1615 1148 inii-

216 1174 283 1230 nita
305 1171 417 1231 secula
440 1171 626 1232 seculorum
650 1171 786 1233 Amen«
816 1171 974 1252 »Explicit
996 1177 1152 1234 tractatus
1176 1173 1216 1233 de
1233 1173 1411 1235 dileccione
1428 1175 1479 1234 dei
1496 1180 1528 1235 et
1544 1189 1617 1252 pro-

216 1260 294 1402 xciiii
317 1263 360 1416 et)
371 1261 526 1318 tractatus
551 1259 591 1319 de
615 1259 730 1319 decem
755 1263 915 1337 preceptis
940 1259 1086 1337 decalogi
1103 1257 1418 1338 Dinckelspuechel‹
1437 1264 1511 1335 (alia
1527 1281 1617 1320 manu

215 1363 232 1401 a
275 1345 371 1404 itum.

323 1447 343 1508 i.
372 1443 571 1510 liii—170b
613 1447 801 1527 (Johannis
824 1447 946 1528 Nider)
969 1447 1253 1512 consolatorium
1275 1449 1460 1514 timoratae
1483 1451 1618 1514 consci-

217 1533 339 1596 entiae.
373 1535 480 1612 ›Aput
502 1535 690 1614 disciplinas
715 1540 894 1614 reperimus
918 1537 1063 1614 phisicas
1087 1536 1225 1596 diversis
1249 1539 1371 1598 morbis
1388 1541 1534 1617 corporis
1551 1555 1618 1598 me-

217 1620 309 1681 dicos
331 1621 505 1682 tradidisse
528 1623 674 1684 antidota
703 1627 812 1684 varia«
837 1623 870 1680 ><
895 1623 1012 1684 »nichil
1049 1629 1105 1683 aut
1127 1623 1294 1684 modicum
1318 1629 1440 1687 auctori
1464 1626 1616 1686 manebit.

217 1706 259 1768 Et
281 1711 328 1768 sic
352 1715 405 1768 est
425 1708 502 1769 finis
526 1710 624 1770 huius
648 1711 798 1788 opusculi
822 1727 850 1772 a.
878 1707 990 1772 1455.‹

323 1811 343 1874 i.
372 1807 575 1876 liob—lilb
594 1811 737 1874 Virtutes
760 1831 866 1892 aquae
894 1814 1093 1876 benedictae.

323 1916 344 1978 i.
373 1912 574 1978 17211--288b
596 1917 728 1996 »incipit
749 1917 933 1979 Tractatus
955 1917 997 1978 de
1020 1917 1236 1996 poenitentia
1258 1935 1358 1980 rever.
1383 1934 1470 1996 mag.
1487 1917 1620 1980 Joban·

216 2003 271 2064 nis
294 2003 416 2066 decani
439 2003 669 2065 Parisiensis.
690 2055 720 2066 ..
746 2002 830 2065 Cum
862 2008 1096 2065 miseraciones
1128 2005 1252 2066 domini
1284 2009 1350 2066 sint
1380 2022 1480 2085 super
1510 2010 1621 2066 omnia

217 2108 316 2168 opera
339 2094 429 2150 eius«
455 2092 488 2149 ><
515 2088 626 2170 »Expl
651 2096 740 2152 tract.
766 2091 806 2152 de
830 2109 902 2170 pen.
939 2109 1003 2153 rev,
1035 2109 1120 2169 mag.
1154 2091 1226 2153 Job.
1259 2092 1329 2154 dec.
1355 2091 1454 2154 Paris,
1479 2096 1620 2172 scriptus

217 2195 275 2257 per
295 2177 493 2239 Johannem
515 2173 606 2240 Kres
629 2177 672 2238 de
694 2177 958 2256 Memmingen.«
984 2177 1058 2260 (Est
1072 2177 1217 2240 Summa
1231 2178 1274 2240 de
1288 2177 1504 2256 poenitentia
1518 2178 1621 2240 Inno-

218 2263 323 2328 centii
345 2280 456 2342 papae
477 2261 524 2324 1v
546 2281 611 2326 seu
633 2263 752 2343 potius
774 2263 927 2326 Thomae
950 2265 992 2326 de
1022 2263 1202 2344 Gabbam).

326 2369 346 2430 i.
371 2365 575 2430 2892-3861’
594 2368 682 2448 Mag.
705 2368 878 2432 lobannis
901 2369 1179 2446 Matienwerder,
1211 2369 1364 2432 doctoris
1398 2369 1505 2432 studii
1535 2370 1622 2432 Pra-

218 2455 346 2534 gensis‚
384 2454 569 2534 Expositio
592 2456 752 2534 symboli.
795 2456 874 2518 »Pro
904 2457 1015 2518 tabula
1041 2461 1282 2536 exposicionis«
1309 2459 1341 2515 ><
1367 2457 1479 2536 ›Expi
1505 2475 1620 2536 expos

219 2544 359 2622 symboli
382 2541 468 2621 Mag.
493 2542 565 2604 Joh.
589 2541 843 2604 blanenwerder
865 2561 972 2604 vener.
999 2543 1083 2605 doct.
1109 2544 1206 2604 studii
1237 2544 1440 2624 Pragensis«

326 2669 362 2725 A.
390 2669 471 2724 1609
496 2671 589 2724 codex
613 2679 673 2726 erat
697 2671 767 2726 bibl.
791 2669 1032 2739 Rosenbergicae,
1056 2671 1161 2726 deinde
1185 2671 1256 2726 bibl.
1280 2686 1387 2726 canon.
1413 2671 1502 2740 regul.
1521 2685 1545 2726 s.
1560 2669 1620 2724 Au-

219 2758 328 2826 gustini
351 2753 556 2812 i'iebonensis.
1653 2759 1657 2768 ’

322 2959 376 3040 87
821 2958 850 3033 I.
879 2959 921 3033 Β.
950 2958 1011 3032 31.

219 3121 329 3182 chart.
351 3135 439 3179 saec.
461 3113 658 3177 XIV—XV
677 3115 714 3196 ff.
738 3116 812 3189 255,
834 3115 978 3178 30><20
1000 3133 1063 3178 cm.
1087 3117 1105 3178 1
1129 3133 1174 3178 m.

327 3257 348 3319 i.
377 3251 533 3320 1¹¹—2llb
553 3253 688 3316 Nicolai
711 3255 753 3316 de
775 3254 869 3333 Lyra
890 3254 1038 3316 Postilla
1060 3271 1166 3334 super
1190 3253 1358 3333 epistolas
1377 3253 1489 3330 Pauli,
1512 3256 1625 3317 Actus

219 3349 475 3422 apostolorum,
500 3340 708 3416 canonicas,
730 3341 990 3421 Apocalypsim.

327 3447 348 3509 i.
372 3445 576 3508 2122-2132
598 3444 646 3506 De
670 3451 747 3507 octo
772 3447 868 3508 donis
892 3447 1022 3507 auditae
1048 3450 1180 3510 missae.

328 3552 348 3613 i.
374 3545 579 3614 2142-2541’
599 3548 782 3628 Expositio
806 3551 1035 3628 epistolarum
1044 3549 1302 3628 sapientialium
1315 3555 1350 3612 et
1362 3549 1625 3628 prophetiarum

222 3637 441 3702 diversorum
463 3638 714 3715 prophetarum
752 3637 797 3715 (in
822 3637 887 3698 line
911 3655 1037 3710 manca,
1074 3643 1256 3718 sequuntur
1285 3641 1371 3698 enim
1402 3638 1524 3717 aliquot
1549 3636 1626 3698 folia

221 3729 349 3800 vacua).
378 3724 584 3785 »laudemus
608 3729 704 3786 viros,
731 3723 890 3802 Superius
914 3731 1023 3786 actum
1055 3731 1105 3785 est
1136 3725 1176 3785 de
1200 3726 1371 3785 virtutibus
1403 3725 1621 3785 racionand0‹

223 3815 255 3870 ><
280 3813 451 3873 »simulare
474 3814 560 3873 banc
583 3811 814 3872 adoraciouem
832 3817 883 3872 est
906 3817 1106 3890 peccatum«

329 3934 351 3995 i.
382 3933 447 3994 255
483 3936 587 3992 »Liber
617 3936 787 3992 monasterii
821 3938 927 3991 domus
952 3935 982 3992 S.
1014 3935 1109 4006 Egidii
1141 3939 1351 3992 canonicorum
1386 3935 1560 4006 regularium
1595 3937 1625 3990 in

223 4025 384 4096 Witignaw
411 4025 485 4080 alias
508 4027 538 4079 in
561 4023 724 4079 Trzebon«.
758 4023 870 4078 Deinde
894 4025 988 4078 codex
1011 4031 1072 4079 erat
1093 4025 1125 4078 in
1148 4024 1219 4080 bibl.
1243 4023 1468 4092 Rosenbergica,
1508 4039 1544 4076 ex
1567 4037 1627 4091 qua

223 4121 325 4180 iterum
349 4113 379 4166 in
402 4113 615 4166 monasterium
638 4109 799 4182 praefatum
826 4112 969 4180 pervenit.

325 4331 382 4412 88
829 4331 856 4405 I.
886 4331 930 4404 B.
957 4331 1018 4405 32.
1100 4365 1105 4374 ·

225 4490 332 4637 coitari.
355 4489 450 4552 misc.
472 4505 560 4550 saec.
584 4486 652 4548 XV
671 4487 835 4569 (prunum
858 4489 940 4567 opus
974 4487 1073 4567 1456)
1091 4487 1139 4568 ff.
1166 4485 1232 4548 274
1261 4504 1366 4561 reluta,
1398 4485 1541 4548 29><22
1564 4504 1628 4548 cm.

247 4625 254 4638 .
279 4594 325 4640 m.

330 4696 350 4759 i.
380 4695 537 4757 12--230i
560 4693 692 4758 »Dubia
712 4694 767 4759 IV.
791 4694 870 4757 libri
893 4694 1149 4758 sententiarum
1172 4694 1307 4755 collecta
1323 4711 1380 4772 per
1395 4711 1479 4772 mag.
1496 4693 1628 4755 Johan·

225 4799 303 4845 nem
324 4783 455 4845 Harrer
477 4782 520 4845 de
542 4782 736 4862 Heylprun,
760 4799 799 4843 ac
822 4784 906 4843 lecta
928 4782 970 4842 ab
995 4782 1111 4842 eodem
1129 4785 1160 4842 in
1177 4783 1263 4841 alma
1278 4785 1488 4842 universitate
1503 4779 1628 4859 Wyen·

227 4875 317 4930 nensi
340 4874 373 4931 in
396 4871 528 4932 lectorio
552 4874 701 4932 anteriori
732 4869 959 4946 theologorum
991 4886 1076 4930 nove
1107 4874 1340 4930 structure...
1366 4867 1457 4929 finita
1479 4886 1507 4928 a.
1536 4867 1629 4941 1452,

228 4973 375 5018 necnon
399 4961 586 5035 conscripta
608 4976 636 5018 a.
662 4958 692 5018 d.
719 4954 831 5018 ileo«

333 5061 353 5124 i.
380 5057 586 5137 230b-2472,
608 5060 791 5140 Registrum
816 5063 925 5137 operis
950 5059 1184 5137 praecedentis.

909 5281 941 5331 27
