4060 6014
1092 583 1156 645 827

528 787 608 870 827
890 789 926 863 V.
954 791 997 864 B.
1029 791 1086 866 10.
1114 807 1158 874 (x
1180 807 1213 859 rr.
1233 811 1256 860 1.
1270 825 1294 860 n.
1307 809 1361 874 aa.)

425 929 530 991 chart.
554 947 641 991 saec.
657 928 744 991 XIV
764 929 866 1009 eaff.
882 931 945 993 127
969 949 1071 1006 arim„
1094 932 1238 994 30><22
1254 950 1317 994 cm.
1344 933 1375 995 d.
1400 953 1441 996 m.

820 1051 916 1114 Petri
938 1051 1139 1114 Blaesensis
1161 1050 1340 1130 Epistolae
1366 1051 1436 1114 154.

529 1154 654 1216 Initium
679 1160 710 1216 in
733 1156 787 1218 iol.
811 1173 877 1218 non
912 1173 1007 1218 num:
1055 1155 1215 1218 »Henrico
1238 1157 1290 1217 dei
1312 1175 1358 1236 gr.
1382 1158 1491 1218 illustr.
1524 1162 1590 1236 regi
1624 1159 1758 1236 Augila«
1786 1155 1812 1222 ><

426 1240 445 1301 1.
474 1239 550 1301 127δ
576 1241 779 1320 »Expliciunt
811 1244 946 1322 epistole
970 1243 1051 1304 Petri
1075 1242 1243 1305 Blesensis
1284 1250 1360 1322 post
1393 1244 1639 1306 dedicacionem
1676 1243 1815 1306 'susten-

424 1343 497 1388 cem
520 1329 595 1404 (sic)
620 1333 767 1408 proxima
790 1329 846 1391 ier.
870 1329 909 1392 ill
931 1329 1049 1390 finite.‹
1076 1329 1265 1410 Sequuntur
1286 1347 1404 1392 versus
1427 1330 1557 1392 fabulae
1581 1332 1621 1392 de
1646 1336 1740 1393 asino
1766 1348 1819 1410 pa·

426 1431 493 1475 rem
516 1417 649 1476 auribus
673 1415 813 1477 caudam
837 1421 1003 1494 poscente.

532 1538 565 1594 In
589 1541 758 1594 membrana
780 1540 917 1610 operculo
940 1539 1022 1596 inler.
1047 1540 1176 1612 adligata
1199 1542 1408 1597 concinnatum
1439 1549 1483 1598 est
1506 1543 1659 1613 registrum
1682 1543 1820 1613 epistola·

425 1641 498 1681 rum.
522 1625 667 1698 Operculo
690 1641 786 1697 super.
811 1627 971 1697 adligatum
994 1633 1038 1682 est
1061 1627 1252 1698 fragmentum
1276 1630 1435 1684 membran.
1460 1631 1615 1684 cuiusdam
1648 1629 1714 1685 libri
1741 1629 1820 1684 litur-

425 1712 481 1782 gici
505 1729 583 1770 saec.
608 1711 686 1772 XlV.
714 1713 807 1768 Vetus
831 1716 905 1782 sign.
931 1713 965 1785 Q,
991 1714 1042 1768 39.

530 1897 613 1978 828
904 1898 946 1972 V.
976 1899 1019 1975 B.
1046 1897 1107 1973 11.
1136 1913 1180 1978 (r.
1200 1915 1221 1965 1.
1240 1917 1265 1966 a.
1284 1931 1310 1965 n.
1328 1916 1383 1977 37.)

425 2039 533 2101 chari.
556 2056 642 2100 saec.
666 2035 790 2119 XVff.
814 2038 887 2113 105,
909 2039 948 2100 31
964 2037 1051 2098 ><22
1073 2055 1136 2099 cut.
1160 2037 1191 2097 ci.
1215 2056 1260 2099 m.

501 2161 640 2223 Roberti
662 2159 843 2238 Alingtoni
865 2159 1146 2220 Commentarius
1170 2158 1208 2220 in
1229 2159 1431 2222 Aristotelis
1453 2159 1745 2223 Praedicamenta.

528 2281 549 2342 1.
578 2282 607 2341 1·
629 2280 787 2359 (anepigr.)
815 2280 998 2358 »Quoniam
1022 2280 1127 2358 logica
1160 2281 1202 2341 ad
1237 2285 1383 2342 omnium
1418 2285 1633 2343 scienciarum
1669 2286 1821 2360 principia

425 2374 511 2430 viam
535 2369 650 2428 habet«
678 2369 711 2424 ><
735 2367 753 2428 1.
783 2367 860 2427 105α
886 2367 1029 2427 »dicetur
1051 2371 1084 2427 in
1107 2368 1187 2426 libro
1212 2365 1279 2429 Sex
1303 2367 1543 2446 Principiorum.
1591 2368 1656 2429 lsta
1679 2385 1757 2446 ergo
1780 2369 1819 2429 ad

426 2473 562 2535 presens
587 2455 672 2514 dicta
695 2453 860 2514 sufficiant
882 2457 914 2514 in
945 2453 1141 2532 compendio
1180 2471 1238 2532 pro
1273 2455 1382 2516 literali
1416 2454 1554 2516 Summa
1588 2455 1687 2514 huius
1722 2455 1817 2515 libri«

427 2543 522 2613 Finis,
547 2542 611 2616 ubi,
634 2546 670 2600 ut
692 2542 843 2619 reliquiae
867 2543 908 2601 lit.
933 2544 1005 2600 mai.
1032 2540 1159 2607 docent.
1192 2546 1368 2601 annotatus
1399 2547 1467 2602 erat
1499 2547 1613 2603 auctor
1646 2547 1677 2600 et
1712 2543 1820 2602 titulus

425 2634 542 2708 operis,
567 2627 698 2687 dimidio
723 2627 797 2688 folio
820 2628 970 2686 abscisso
995 2626 1096 2687 deest.

533 2752 684 2823 Operculis
708 2752 837 2821 adligata
859 2757 927 2806 sunt
957 2751 1115 2821 fragmenta
1149 2752 1268 2805 membr.
1296 2752 1407 2807 codicis
1434 2754 1588 2807 cuiusdam
1611 2753 1717 2822 philos.
1743 2768 1819 2810 saec.

425 2840 501 2910 XIV,
525 2843 554 2894 in
578 2855 700 2910 quorum
725 2839 814 2892 altero
839 2843 956 2892 notatur
979 2837 1044 2892 libri
1067 2851 1223 2908 possesor:
1248 2837 1325 2907 Mag.
1351 2838 1463 2908 Symon
1486 2841 1521 2894 de
1545 2838 1695 2894 Chrudim.

529 3008 609 3088 828
898 3005 933 3079 V.
963 3006 1005 3080 B.
1034 3006 1094 3080 12.
1114 3021 1159 3087 (Υ.
1179 3022 1214 3074 11.
1233 3025 1257 3074 2.
1277 3039 1301 3072 n.
1320 3025 1374 3086 aa.)

426 3149 534 3210 chari.
559 3164 591 3208 a.
616 3146 702 3208 1308
715 3143 763 3223 ff.
780 3145 855 3220 288,
870 3146 948 3207 205
958 3147 991 3203 ><
1003 3147 1043 3207 21
1061 3163 1123 3206 cru.
1140 3147 1171 3207 d.
1196 3165 1239 3206 m.

425 3269 567 3348 Ruperti
591 3272 647 3342 (-.
659 3267 816 3346 Roberti)
839 3267 989 3344 Holgoth
1022 3266 1205 3414 Lectitones
1230 3283 1293 3329 seu
1316 3266 1462 3328 Postilla
1485 3282 1591 3344 super
1612 3267 1702 3328 libro
1725 3267 1820 3345 Sapi-

1062 3369 1106 3414 en
1123 3371 1185 3416 rae.

529 3459 548 3520 1.
578 3459 610 3518 1²
637 3457 816 3518 »Dominus
841 3463 930 3534 petra
953 3474 1027 3516 mea
1050 3467 1081 3518 et
1104 3459 1201 3516 robur
1224 3473 1352 3517 meum«
1379 3457 1412 3514 ><
1435 3457 1456 3516 1.
1481 3451 1560 3517 287¹)
1586 3456 1744 3536 »Explicit
1767 3475 1821 3536 po·

428 3549 510 3608 stilla
535 3563 634 3624 super
657 3545 771 3620 librum
796 3546 958 3621 sapiencie
982 3542 1072 3604 finita
1094 3562 1122 3603 a.
1148 3543 1178 3603 d.
1205 3542 1316 3604 1398.‹

528 3651 548 3712 f.
573 3649 652 3709 288ἃ
677 3646 749 3726 (alia
770 3667 859 3704 manu
883 3652 1015 3704 additum
1025 3645 1046 3724 τ)
1072 3647 1208 3706 »Fratris
1233 3647 1378 3724 Procopii
1402 3647 1442 3707 de
1467 3646 1618 3725 Belyna.‹

533 3770 681 3844 Operculo
704 3771 785 3826 inser.
810 3773 970 3842 adligatum
994 3779 1053 3827 erat
1076 3772 1269 3842 fragmentum
1293 3771 1412 3828 membr.
1436 3773 1614 3842 quietantiae
1647 3773 1733 3827 datae
1758 3787 1822 3827 mo-

424 3871 498 3920 nast.
525 3865 559 3917 de
583 3860 719 3914 Milewsk
743 3861 805 3915 ord.
830 3865 1021 3929 praemonstr.
1047 3858 1128 3928 Prag.
1155 3859 1283 3914 dioeces.
1308 3873 1395 3929 super
1418 3859 1525 3913 debitis
1549 3859 1743 3916 fideiussoriis
1770 3875 1822 3914 so-

424 3949 492 4004 lutis
517 3967 543 4006 a.
572 3947 663 4014 1366,
687 3947 766 4016 quod
791 3961 869 4000 nunc
892 3948 1048 4015 separatim
1072 3951 1247 4000 asservatur.
1271 3944 1363 3999 Vetus
1387 3945 1462 4013 sign.
1487 3943 1511 4012 J,
1538 3945 1587 4000 65.

527 4131 612 4212 838
745 4099 750 4110 ¹
881 4130 923 4204 V.
953 4129 995 4203 B.
1022 4129 1084 4203 13.
1104 4144 1148 4208 (Y.
1167 4145 1202 4195 u.
1220 4146 1244 4195 2.
1264 4161 1289 4195 n.
1307 4144 1361 4209 39.)

422 4273 530 4332 chart.
555 4289 587 4332 a.
610 4271 697 4332 1400
708 4270 753 4352 ff
777 4270 852 4344 283,
874 4270 952 4330 205
962 4269 1047 4330 ><21
1073 4286 1134 4329 cm.
1159 4269 1180 4329 2
1203 4287 1246 4328 m.

526 4393 546 4453 1.
576 4391 689 4453 1²—8b
713 4389 891 4452 Sermones
915 4391 1043 4464 diversi,
1068 4407 1206 4468 quorum
1238 4394 1360 4450 initium
1399 4390 1493 4450 deest
1526 4396 1557 4450 et
1591 4389 1666 4451 linis
1702 4390 1819 4451 subse·

424 4485 477 4559 qui
500 4479 626 4540 videtur
649 4479 668 4540 1.
695 4474 909 4551 2821-2831,
933 4477 988 4537 ubi
1012 4477 1140 4554 legitur:
1169 4476 1324 4555 »Explicit
1355 4474 1492 4538 Summa
1526 4493 1626 4555 super
1660 4479 1818 4555 epistolas

422 4573 453 4626 et
476 4567 655 4644 ewangelio
679 4569 783 4626 tocius
806 4569 882 4626 anni
907 4582 963 4642 per
986 4563 1217 4625 distincciones
1242 4564 1412 4624 dominicis
1437 4563 1553 4624 diebus
1577 4571 1659 4624 etc«

523 4688 544 4748 1.
579 4683 741 4748 91-2821
775 4685 896 4748 Milicii
930 4685 988 4764 (de
1021 4677 1217 4760 Kromeiii)
1247 4684 1454 4772 Sermonum
1477 4683 1519 4745 de
1541 4688 1699 4760 tempore
1725 4689 1760 4745 et
1777 4683 1819 4744 de

419 4775 553 4836 sanctis
566 4771 780 4850 (Gratiarum
793 4772 863 4850 dci)
886 4789 967 4849 pars
990 4771 1015 4832 1.
1041 4771 1166 4848 »Alpha
1189 4777 1220 4832 et
1242 4788 1262 4830 0
1286 4775 1477 4849 principium
1501 4777 1533 4830 et
1555 4769 1649 4830 linis«
1677 4773 1710 4828 ><
1736 4769 1820 4830 »Ex-

423 4864 509 4938 plicit
532 4865 634 4938 prima
657 4877 732 4938 pars
757 4861 882 4938 postilla
905 4857 1096 4939 (rubricator
1119 4861 1363 4935 superscripsit:
1399 4855 1520 4930 itlilicii)
1550 4863 1740 4935 comparata
1763 4873 1820 4934 per

421 4947 507 5008 dom.
532 4947 706 5008 illartinum
741 4947 781 5006 de
815 4945 1014 5007 Nowossedl
1051 4950 1082 5004 et
1115 4943 1205 5004 finita
1235 4961 1291 5022 per
1314 4942 1533 5005 Raczkonem
1556 4943 1599 5024 ti)
1622 4943 1665 5004 de
1688 4943 1819 5022 Lutycz

422 5033 484 5094 sub
508 5051 537 5097 a.
562 5035 591 5094 d.
620 5033 703 5096 1400
725 5033 780 5094 ier.
804 5032 845 5094 lV
868 5036 900 5094 in
925 5034 1070 5111 palmis«

1092 5253 1143 5304 338
