3978 6006
913 539 995 604 1656

248 753 443 814 solvissem‹
471 755 502 808 ><
526 753 626 826 (epist.
650 753 778 814 dedicat.
804 754 842 809 ad
864 753 1030 809 Iohannem
1053 743 1284 823 Meliorantium)
1327 743 1396 806 »Ex
1418 742 1572 806 Veneciis
1596 743 1653 804 idi-

248 839 310 901 bus
335 839 479 900 octobris
507 837 619 900 libis

355 941 377 1004 f.
406 938 614 1006 loll-119⁸
651 942 876 1021 >synonyma
909 938 1109 1003 Ciceronis«
1149 941 1204 1010 t:
1221 938 1371 998 dictionis
1404 933 1652 1008 Ciceronianae)

247 1028 369 1092 ordine
393 1029 615 1108 alphabetico
638 1029 783 1107 digesta.
810 1026 1000 1090 »Sinonima
1023 1025 1066 1087 M.
1090 1024 1129 1088 T.
1154 1023 1191 1088 C.
1216 1025 1273 1086 diu
1305 1023 1424 1084 frustra
1453 1022 1600 1102 quesita«
1618 1020 1651 1080 ><

249 1120 378 1190 »vitare
413 1116 588 1189 declinare,
624 1115 859 1194 subterfugere.
893 1113 981 1176 Finis
1005 1117 1243 1176 sinonimorum
1263 1159 1271 1175 .
1290 1157 1297 1172 .
1317 1157 1324 1173 .
1342 1108 1538 1172 Horaowicz
1561 1123 1650 1168 anno

247 1249 308 1266 ...
332 1203 389 1265 ier.
414 1201 454 1266 III
481 1209 559 1282 post
580 1201 723 1264 Domine
746 1220 787 1264 ne
811 1203 926 1280 longe«
953 1201 1164 1279 (subscriptio
1197 1201 1279 1260 haec
1303 1197 1451 1258 mutilata
1473 1197 1546 1266 est).
1593 1191 1651 1256 Se·

245 1293 355 1367 quitur
376 1290 580 1352 rubricatum
604 1306 726 1351 nomen
753 1288 978 1368 possessoris:
1004 1287 1184 1349 »Iohannis
1208 1285 1387 1364 Capliczar,
1423 1283 1539 1361 decani
1561 1279 1648 1343 Wis-

246 1375 595 1458 segradensisiliils

348 1499 493 1572 Operculo
516 1516 612 1572 super.
637 1500 812 1556 intrinsecus
835 1498 1009 1572 inscriptum
1032 1505 1092 1555 est:
1117 1498 1238 1556 »Reven
1261 1498 1337 1568 patri
1353 1498 1431 1553 dom.
1463 1493 1588 1550 Fentino
1611 1497 1647 1550 de

243 1587 337 1655 Valle,
362 1587 438 1644 sacri
462 1587 587 1659 pallacii
611 1587 767 1659 apostolici
791 1588 927 1656 auditori,
951 1585 1193 1658 archipresbitero
1216 1583 1405 1650 Peratinensi‚
1445 1580 1517 1638 iuris
1540 1579 1649 1638 utrius·

243 1689 300 1744 que
323 1677 446 1739 doctori.
470 1675 598 1730 domino
622 1681 650 1729 et
672 1673 833 1746 preceptori
857 1675 998 1746 optimo«
1023 1673 1059 1730 A.
1087 1673 1167 1730 1609
1191 1668 1334 1726 liberhic
1357 1670 1471 1725 eratin
1494 1667 1564 1724 bibl.
1591 1667 1646 1724 Ro·

244 1761 424 1832 senbergica,
449 1761 557 1817 deinde
580 1761 760 1818 monasterio
782 1759 964 1816 'liebonensi
988 1759 1102 1830 obtigit.

350 1963 447 2046 1655
813 1960 914 2040 VIII.
942 1962 993 2040 H.
1023 1961 1081 2038 72.

240 2103 428 2165 membran.
451 2121 539 2166 saec.
554 2103 594 2166 X
598 2103 625 2166 V
629 2105 677 2188 ff.
702 2105 775 2183 169,
797 2104 873 2168 203
885 2105 918 2164 ><
929 2105 973 2168 13
984 2121 1048 2166 cnr.
1072 2103 1223 2167 charact.
1240 2119 1370 2166 renasc.
1387 2099 1434 2163 iit.
1451 2115 1520 2161 nna
1537 2116 1644 2160 nrann

240 2190 491 2270 elegantissime
512 2195 677 2254 exaratus
702 2196 731 2254 et
752 2193 961 2268 rubricatur,
983 2191 1029 2254 lit.
1054 2191 1124 2253 init.
1153 2190 1254 2272 pictis
1282 2191 1314 2250 et
1344 2185 1524 2250 deauratis
1553 2202 1644 2248 eror-

241 2280 346 2339 natns
368 2277 490 2357 (tentus
502 2279 568 2356 jot.
591 2280 629 2340 1²
652 2282 745 2341 totus
757 2278 910 2358 floribus
931 2278 1130 2340 nitidissime
1146 2277 1247 2358 pictis
1279 2279 1310 2338 et
1331 2273 1511 2338 deauratis
1540 2273 1644 2334 inatu-

238 2381 300 2425 sns
322 2368 395 2438 est).
441 2360 608 2445 Opercuta
646 2366 757 2446 lignea
786 2366 879 2428 corio
903 2368 1075 2447 purpureo
1100 2364 1252 2428 obducta.
1277 2361 1387 2426 Frons
1409 2360 1491 2424 libri
1511 2363 1643 2422 aurata

239 2453 296 2514 est.

498 2555 632 2619 Justini
654 2555 814 2636 Epitome
837 2555 1068 2620 historiarum
1089 2555 1192 2634 Trogi
1214 2553 1382 2632 Pompeii.

343 2679 446 2736 Codex
467 2681 516 2737 hic
538 2683 716 2754 praeclarus,
751 2681 781 2737 ln
811 2681 896 2738 Italia
925 2687 1075 2753 exaratus,
1112 2681 1309 2737 bibliothecae
1332 2680 1527 2737 Corvinlanae
1550 2677 1642 2734 fuisse

238 2768 361 2836 videtur,
386 2783 422 2824 ex
445 2784 513 2838 qua,
537 2775 569 2824 ut
591 2773 678 2825 docet
701 2775 772 2825 nota
794 2769 825 2824 in
849 2769 986 2841 operculo
1009 2768 1091 2824 inter.
1115 2767 1208 2838 (»Iste
1232 2769 1305 2824 liber
1327 2772 1372 2824 est
1387 2781 1471 2823 meus
1494 2779 1547 2820 ves
1564 2763 1638 2820 Petri

236 2852 372 2910 Garazda
395 2858 430 2911 de
453 2854 627 2927 Ungarie‹)‚
670 2854 753 2911 Petro
789 2855 924 2912 Garaada
958 2856 1071 2926 obtigit.
1117 2854 1267 2911 Postremo
1302 2853 1408 2910 librum
1432 2851 1637 2910 celeberrimus

237 2947 337 2996 noster
359 2941 538 2997 Fortunatus
561 2941 670 2998 Durich
695 2959 721 3000 a.
750 2939 830 3000 1802
855 2944 1010 2998 defunctus
1034 2942 1231 2998 bibliothecae
1267 2947 1384 2998 nostrae
1417 2939 1536 3011 legavit.
1581 2936 1640 3010 (Cf.

236 3026 363 3083 Hanslik
385 3045 414 3100 p.
440 3029 527 3100 605.)

343 3194 435 3277 rasa
807 3196 913 3274 rm.
943 3197 993 3274 H.
1032 3198 1091 3274 aa.
1134 3152 1168 3286 ,1

236 3317 425 3380 membran.
447 3335 534 3382 saec.
558 3316 627 3380 XV
638 3321 685 3403 ff.
709 3320 783 3396 209,
805 3321 851 3383 35
865 3322 897 3378 ><
910 3319 987 3384 215
1008 3338 1082 3394 cin..
1106 3338 1177 3384 nna
1198 3337 1308 3382 manu
1330 3319 1482 3382 charact.
1506 3334 1637 3380 renasc.

236 3403 282 3465 tit.
307 3403 508 3468 nitidissime
529 3411 700 3482 exaratus,
724 3409 771 3470 lit.
795 3407 865 3470 init.
885 3407 985 3488 pictis
1007 3411 1038 3470 et
1060 3407 1239 3470 deauratis
1261 3401 1312 3478 (in
1325 3407 1445 3487 prima
1460 3404 1637 3484 estimago

235 3490 403 3562 auctoris)
424 3495 616 3555 exornatus.
639 3492 812 3574 Pagiuam
830 3494 986 3574 primam
1008 3495 1156 3574 undique
1177 3493 1353 3556 includunt
1369 3493 1526 3574 picturae
1547 3509 1637 3554 auro

232 3577 361 3639 cinctae
383 3581 414 3638 et
436 3579 584 3666 insignia
607 3579 774 3643 Matthiae
789 3581 881 3660 regis
897 3579 1110 3660 Hungariae.
1133 3578 1246 3658 Infot.
1266 3581 1458 3662 praeligato
1472 3580 1639 3642 exaratus

232 3666 284 3724 est
306 3665 425 3726 titulus
448 3665 530 3727 iibri
550 3667 659 3729 literis
681 3668 886 3749 capitalibus
908 3668 1026 3730 aureis
1041 3667 1309 3747 infundamento
1319 3669 1492 3748 purpureo
1508 3665 1637 3728 cinctus

233 3753 323 3811 serto
345 3753 375 3812 et
397 3752 572 3814 arabescis
598 3754 698 3835 pictis
726 3757 757 3815 et
787 3754 974 3817 deauratis.
1020 3751 1189 3837 Opercula
1225 3755 1338 3834 lignea
1370 3753 1515 3816 obducta
1544 3752 1637 3814 corio

229 3839 413 3916 purpureo,
451 3839 508 3900 cui
542 3845 744 3903 ornamenta
776 3842 947 3904 deaurata
977 3845 1007 3904 et
1036 3842 1186 3922 insignia
1223 3842 1322 3921 regia
1351 3840 1519 3922 impressa
1546 3841 1635 3902 sunt.

237 3919 343 3985 Codex
365 3925 446 3986 alirn
470 3927 568 3988 ualde
590 3929 703 3990 laesus
725 3945 747 3988 a
770 3927 954 4010 bibliopega
976 3931 1156 3992 recentiore
1177 3927 1309 3990 ruditer
1329 3929 1513 4010 reparatus
1535 3928 1564 3988 et
1586 3943 1636 3987 re-

231 4013 428 4091 compactns
448 4015 503 4075 est.

233 4149 267 4210 S.
290 4149 442 4212 Thomae
465 4150 507 4213 de
531 4151 669 4230 Aquino
693 4151 977 4216 Commentarius
999 4153 1037 4216 in
1058 4155 1261 4218 Aristotelis
1277 4155 1320 4217 de
1336 4155 1432 4217 caelo
1450 4159 1485 4216 et
1503 4156 1634 4217 mundo

421 4237 531 4301 libros
553 4238 577 4316 1,
601 4238 630 4301 11
653 4247 688 4302 et
709 4239 753 4303 111
775 4249 921 4320 partem,
945 4259 1046 4323 quam
1070 4248 1184 4304 auctor
1206 4244 1276 4322 ipse
1300 4241 1442 4321 perfecit.

320 4358 339 4419 I.
368 4361 480 4436 1⁸(1tt.
506 4368 594 4436 capit.
619 4369 715 4423 aureis
731 4369 752 4440 ς)
779 4363 1079 4427 »commentarium
1114 4383 1142 4427 s.
1165 4364 1315 4428 Thomae
1338 4365 1512 4444 Aquinatis
1535 4381 1635 4444 super

233 4445 347 4505 librum
373 4446 414 4508 de
437 4449 528 4510 caelo
552 4454 584 4510 et
614 4451 738 4512 mundo
770 4455 879 4531 incipit
909 4456 1058 4526 (atram.:)
1104 4450 1195 4514 Sicut
1224 4452 1455 4532 phylosophus
1479 4451 1572 4512 dicit«
1600 4452 1632 4508 ><

231 4530 253 4590 f.
278 4527 356 4592 209b
382 4539 481 4611 »quot
504 4541 582 4598 sunt
604 4537 766 4599 elementa
788 4543 820 4599 et
843 4545 973 4618 propter
997 4539 1075 4618 quid
1098 4543 1163 4600 sint
1186 4545 1267 4602 etc«

339 4656 382 4712 De
406 4661 617 4716 recentioribus
641 4661 754 4718 codicis
778 4653 1002 4734 possessoribus
1036 4663 1082 4719 his
1117 4665 1194 4720 notis
1218 4665 1248 4719 in
1271 4663 1322 4722 iol.
1345 4662 1506 4734 praeligato
1529 4664 1632 4719 edoce·

230 4759 311 4799 mur:
334 4742 360 4814 I)
384 4759 462 4802 saec.
487 4743 682 4803 XVI—XVII
708 4747 902 4805 »Franciscus
927 4765 1026 4806 comes
1050 4751 1086 4806 de
1100 4749 1210 4821 Suys«,
1234 4750 1274 4824 11)
1286 4765 1363 4808 saec.
1377 4748 1458 4804 XVII
1473 4749 1631 4820 »Matthias

229 4828 320 4900 Kiralj
351 4829 518 4887 Biblioteka
550 4835 640 4904 yabol
670 4836 740 4891 ualo
771 4837 871 4907 kbnyv
900 4837 1009 4909 melyet
1040 4839 1156 4894 hoatam
1179 4838 1249 4894 uala
1272 4837 1333 4910 (aa)
1357 4836 1481 4907 Ugroczj
1505 4837 1628 4894 uarbol«

229 4913 328 4992 (Liber
351 4918 545 4974 bibliothecae
568 4919 708 4976 Matthiae
733 4924 819 4995 regis,
843 4939 931 4994 quem
955 4927 1107 4995 apportavi
1130 4941 1168 4982 ex
1191 4939 1256 4980 arce
1286 4924 1490 4998 Ugroczensi).
1528 4923 1630 4982 »Unus

229 5018 267 5058 err
290 5004 373 5060 libris
396 5003 512 5061 Nicolai
533 5005 584 5076 Zau¹
608 5009 643 5064 de
668 5007 787 5066 Csemer
809 5025 846 5068 m.
871 5027 920 5082 p.«
955 5009 998 5069 CI.
1022 5011 1148 5070 Hanslilr
1170 5027 1198 5083 p.
1224 5011 1296 5070 607.

905 5232 956 5284 613
