3978 6006
865 576 945 636 1415

315 779 390 860 Ι4ΙΙ
765 778 870 858 VIII.
898 785 944 860 Α.
965 785 999 858 6.

210 922 320 984 chart.
345 940 377 983 α.
402 923 488 984 1752
499 923 544 1004 ff.
568 923 641 1001 103,
664 925 843 988 37·5><26
864 943 927 988 can.
955 925 968 986 l
994 943 1039 986 m.

210 1041 303 1106 Ossa
336 1060 481 1123 magnae
516 1045 639 1106 matris
674 1049 708 1106 et
738 1043 898 1120 filiarum,
930 1043 1006 1107 sive
1037 1044 1214 1122 Reliquiae
1248 1043 1437 1108 historicae
1460 1045 1612 1123 inclytae

211 1131 336 1192 domus
359 1130 393 1193 S.
417 1131 540 1194 Crucis
562 1130 706 1194 Maioris
727 1130 1003 1210 Vetera-Pragae
1018 1131 1300 1210 reliquorumque
1315 1131 1533 1208 prioratuum
1552 1147 1614 1208 per

210 1217 389 1280 Boemiam
422 1235 451 1280 s.
488 1217 647 1281 canonici
682 1218 814 1281 ordinis
849 1218 1118 1297 Crucigerorum
1153 1234 1234 1280 cum
1267 1217 1386 1280 Rubeo
1422 1216 1535 1281 Corde
1569 1219 1611 1279 de

209 1302 426 1366 Poenitentia
459 1305 648 1367 Beatorum
677 1305 881 1384 Martyrum,
913 1305 1079 1368 collectae
1111 1321 1173 1382 per
1194 1304 1367 1367 Joannem
1391 1304 1468 1367 Car.
1491 1305 1612 1384 Aloys.

212 1389 310 1452 Rohn
340 1390 500 1452 Botmum
534 1391 871 1471 Reichenbergensem
892 1441 898 1454 .
919 1440 925 1453 .
946 1441 978 1454 ..
1012 1393 1142 1471 capituli
1165 1392 1314 1452 eiusdem
1338 1390 1371 1454 S.
1397 1391 1511 1454 Crucis
1536 1409 1566 1470 p.
1592 1399 1611 1452 t.

210 1481 382 1539 notarium.
409 1476 501 1540 1752.

312 1601 345 1656 In
368 1602 424 1657 fine
447 1608 516 1656 sunt
539 1603 738 1659 additamenta
764 1605 908 1674 quaedam
931 1617 1025 1674 usque
1049 1603 1086 1656 ad
1110 1619 1136 1658 a.
1157 1601 1247 1658 1759.
1265 1601 1334 1658 Sine
1351 1603 1470 1658 dubioe
1487 1605 1613 1658 canonia

211 1687 240 1744 S.
265 1687 367 1744 Crucis
391 1687 521 1744 Maioris
626 1695 633 1714 ⁰

318 1853 407 1935 1412
674 1853 780 1932 VIII.
808 1857 854 1932 A.
885 1858 1067 1939 7.(r.11.2.
1087 1887 1113 1924 n.
1132 1873 1168 1934 2.)

211 1997 318 2058 chart.
340 2014 427 2058 saec.
452 1995 508 2057 XI
509 1995 616 2058 V-X
622 1995 649 2056 V
653 1997 701 2080 ff.
732 1996 805 2069 410,
834 1998 878 2060 39
893 1997 931 2074 ><
944 1996 1023 2058 275
1043 2013 1105 2057 cm.
1129 1997 1147 2057 1
1172 2014 1218 2058 m.
1241 2013 1319 2058 cum
1337 1997 1408 2060 init.
1426 1997 1504 2076 pict.

210 2116 303 2179 Petri
332 2117 374 2181 de
408 2116 524 2179 Ebano
556 2120 655 2192 (recte
689 2117 1090 2268 Ab²¹¹⁰)d¹i'².d:f.ne¹¹⁸i⁸
1115 2117 1328 2180 conciliator
1359 2117 1613 2180 discordiarum

775 2223 831 2268 me
868 2223 923 2267 cin
960 2221 1041 2267 rum.

315 2308 336 2370 i.
365 2311 396 2370 1·
417 2311 523 2382 (rubr.)
550 2307 681 2388 »Incipit
696 2311 883 2371 conciliator
895 2309 975 2371 disc.
989 2309 1074 2371 med.
1089 2311 1241 2386 precipue
1254 2325 1311 2387 per
1323 2307 1451 2370 Petrum
1465 2309 1608 2370 Paduba-

212 2411 349 2456 nensem
374 2401 601 2456 constructus«
628 2395 759 2474 (atram.)
787 2394 916 2457 »Unum
940 2400 971 2457 in
996 2399 1152 2457 ternario«
1172 2396 1206 2454 ><
1221 2395 1241 2456 i.
1265 2394 1347 2457 410ι
1372 2394 1510 2474 »perfrui
1527 2397 1613 2457 vale·

212 2499 327 2542 amus‹
353 2480 519 2562 (Sequens
542 2485 666 2542 initium
690 2483 939 2560 subscriptionis
964 2484 1066 2543 cultro
1090 2485 1238 2544 excisum
1263 2477 1328 2564 est)
1354 2482 1512 2561 »Explicit
1535 2499 1613 2543 con·

212 2570 335 2630 ciliator
358 2567 518 2644 licium(?)
548 2574 758 2630 constructus
789 2586 846 2647 per
868 2568 997 2630 Petrum
1022 2569 1062 2629 de
1086 2568 1201 2629 Ebano
1225 2569 1475 2630 Paduanensem
1503 2569 1611 2630 Padue

217 2654 298 2716 1310
320 2654 416 2718 Cristi
439 2672 556 2716 anno«
583 2653 632 2718 Cf.
657 2653 844 2734 Sternberg,
869 2655 1137 2716 Pssanzenkunde
1160 2655 1182 2728 I,
1206 2653 1258 2717 39.

317 2779 449 2836 Observa
473 2785 572 2834 notam
595 2779 786 2850 marginalem
809 2781 839 2836 in
861 2779 881 2837 i.
907 2780 987 2836 288a
1010 2783 1045 2836 de
1068 2780 1128 2836 lilio
1151 2781 1228 2852 regis
1251 2781 1423 2836 Bohemiae!

316 2963 409 3044 1413
781 2965 887 3041 VIII.
914 2966 961 3041 A.
989 2967 1024 3040 8.

212 3104 399 3166 nrarnbran.
425 3123 457 3166 a.
481 3105 567 3167 1419
578 3105 624 3187 ff.
648 3106 723 3183 504,
745 3105 874 3185 34·5><
888 3106 1005 3168 Idem.
1029 3108 1048 3168 1
1072 3125 1116 3167 tn.
1142 3124 1230 3168 cum.
1253 3105 1324 3168 ierit.
1341 3105 1418 3187 pict.

362 3228 472 3291 Biblia
495 3245 595 3292 sacra
618 3226 759 3290 Veteris
783 3231 818 3290 et
839 3227 930 3291 Novi
951 3226 1167 3290 Testamenti
1189 3245 1269 3290 cum
1291 3227 1457 3305 prologis.

316 3332 336 3394 f.
359 3332 566 3394 4782-5042
589 3333 873 3410 Interpretationes
888 3348 1009 3392 vocum
1026 3333 1250 3393 hebraicarum
1264 3333 1447 3393 secundum
1464 3332 1612 3392 ordinem

212 3419 384 3496 alphabeti.
408 3419 444 3480 ln
467 3419 532 3481 fine
557 3421 660 3480 rubr:
689 3416 779 3481 »Sub
801 3437 830 3480 a.
855 3418 886 3478 d.
912 3417 996 3478 1419
1020 3419 1131 3480 finitus
1155 3424 1206 3478 est
1228 3419 1307 3479 liber
1329 3423 1390 3479 iste
1406 3417 1448 3478 lV
1464 3419 1519 3481 fer.
1539 3425 1614 3497 post

212 3504 333 3567 festum
357 3523 384 3568 s,
408 3505 491 3567 Galli
515 3523 572 3585 per
595 3523 714 3567 manus
738 3504 951 3583 sigismundi
974 3506 1016 3566 de
1033 3504 1196 3568 Tustha‹.

315 3611 359 3668 Ex
382 3614 511 3669 cartusie
533 3613 728 3669 Waldicensi.

319 3780 412 3861 1414
679 3779 783 3856 VIII.
811 3781 858 3855 A.
887 3782 921 3855 9.
943 3797 1049 3858 (1111.
1060 3799 1084 3848 o.
1102 3813 1129 3848 n.
1149 3799 1200 3862 ra.)

213 3921 321 3983 chart.
345 3938 433 3983 saec.
456 3919 581 3982 XVIII
589 3919 638 3999 ff.
662 3919 736 3993 147,
758 3920 803 3983 32
816 3922 854 3998 ><
868 3922 910 3983 19
923 3939 986 3982 cm.
1010 3921 1040 3982 d.
1065 3938 1110 3980 m.

215 4042 458 4105 »Paraenetica
486 4059 588 4104 sacra
618 4042 695 4104 sive
724 4041 997 4106 Exhortationes
1030 4042 1243 4106 domesticae
1266 4043 1310 4104 ad
1331 4048 1449 4121 patres
1473 4041 1612 4104 fratres-

213 4147 278 4206 que
302 4130 438 4208 collegii
461 4130 494 4191 S.
517 4130 550 4192 J.
572 4129 706 4207 Pragae
729 4131 772 4192 ad
795 4127 828 4192 S.
845 4129 1062 4192 Clementem
1077 4129 1234 4192 habitae«
1264 4129 1341 4208 (alia
1357 4147 1475 4191 manus
1492 4130 1582 4191 addit
1592 4135 1613 4204 :)

612 4218 759 4278 authore
780 4214 818 4278 P.
841 4217 981 4279 Andrea
1002 4217 1213 4295 Freiberger.

320 4386 409 4467 1415
683 4387 781 4463 VIII.
813 4391 858 4464 A.
890 4389 950 4464 IO.
983 4405 1123 4471 (rura
1143 4419 1169 4454 n.
1189 4405 1242 4468 19.)

213 4527 321 4588 clzart.
344 4544 432 4589 saec.
456 4526 579 4589 XVIII
597 4529 641 4589 in.
657 4527 706 4607 ff.
731 4529 805 4602 266,
828 4529 1054 4608 33><2οωψιΙ
1077 4529 1096 4590 1
1121 4546 1166 4589 m.

212 4647 361 4710 Joannis
395 4648 601 4711 Bernardini
634 4650 760 4713 Amolt
790 4651 822 4714 S.
854 4651 885 4713 J.
918 4651 1049 4713 sacerd.
1074 4649 1238 4712 Summae
1261 4649 1552 4724 concionatoriae,
1577 4649 1613 4710 in

211 4741 329 4797 tomos
351 4733 397 4796 IV
420 4736 615 4812 distinctae,
638 4743 757 4800 tomus
780 4737 803 4800 1.
828 4737 1027 4816 Conceptus
1050 4735 1300 4816 praedicabiles
1323 4737 1360 4797 in
1382 4753 1506 4799 omnes
1529 4737 1613 4798 anni

597 4825 801 4887 dominicas.
825 4824 934 4898 (Tomi
958 4829 1055 4886 ceteri
1079 4825 1224 4897 desunt.)

317 4944 399 5017 Opus
429 4946 526 5002 hoca
550 4946 750 5004 concionibus
781 4949 1008 5004 dominicalibus
1040 4949 1170 5004 eiusdem
1194 4951 1324 5003 auctoris
1348 4947 1499 5018 Augustae
1523 4948 1611 5004 Vind.

214 5040 242 5086 et
263 5031 396 5102 Dilingae
419 5050 445 5090 a.
475 5029 555 5090 1709
579 5034 665 5089 editis
690 5037 845 5106 discrepat.

888 5256 938 5304 527
