4048 6012
1036 584 1097 646 180

366 800 419 856 »et
449 811 524 855 cum
555 798 618 854 isto
648 794 789 853 alumine
820 797 941 870 optime
965 799 1118 855 curantur
1149 795 1259 855 ulcera
1282 799 1358 869 oris,
1383 800 1419 856 ut
1443 795 1567 856 dictum
1591 799 1697 856 estin
1721 811 1773 855 se-

366 882 476 943 cunda
505 881 660 959 particula
695 879 886 958 (rubricator
908 880 998 940 addit
1011 879 1033 958 :)
1063 882 1115 941 vel
1139 886 1243 942 eciam
1268 898 1383 942 semen
1406 883 1459 942 lini
1485 898 1562 942 cum
1586 883 1680 942 melle
1704 899 1775 944 ma-

367 973 450 1052 turat
472 972 706 1047 apostemata«

474 1071 495 1133 i.
524 1067 598 1132 169h
630 1071 688 1132 Sv.
718 1061 878 1133 Matouse
909 1071 1090 1150 evangelia
1118 1071 1198 1150 kap.
1221 1070 1340 1148 XXVI,
1367 1067 1775 1150 1-3otesky'piek1au

365 1153 481 1237 psanqi
503 1157 560 1221 ok.
586 1157 669 1220 1400
692 1159 767 1231 (bez
790 1154 997 1233 zakonceni).

476 1265 626 1338 Operculis
649 1266 779 1336 adligata
801 1273 870 1321 sunt
882 1269 942 1322 duo
958 1267 1007 1323 fol.
1032 1269 1152 1324 membr.
1177 1267 1290 1322 codicis
1314 1269 1470 1324 cuiusdam
1493 1282 1572 1322 saec.
1589 1264 1770 1321 XIII-XlV

367 1368 480 1423 argum.
503 1353 710 1424 philosophici.
737 1351 770 1406 In
793 1352 885 1409 fronte
909 1369 1004 1425 super.
1029 1361 1147 1410 notatur
1169 1369 1327 1426 possessor
1349 1371 1439 1410 manu
1463 1369 1541 1409 saec.
1567 1352 1639 1409 XV:
1668 1352 1772 1408 »Liber

366 1439 484 1494 Martini
508 1441 543 1494 de
566 1439 707 1495 Trziebon
731 1439 866 1496 medici«
892 1441 925 1496 In
942 1441 990 1496 fol.
1008 1447 1146 1512 sequente
1169 1457 1229 1496 non
1243 1456 1354 1498 numer.
1372 1444 1498 1497 occurrit
1510 1443 1599 1496 index
1616 1442 1771 1496 cuiusdam

366 1528 432 1581 libri
456 1526 637 1582 medicinalis
661 1544 679 1580 a
702 1532 826 1581 tractatu
850 1527 952 1583 codice
976 1533 1115 1584 contento
1139 1530 1260 1583 omnino
1285 1528 1402 1584 diversi.
1426 1527 1460 1583 In
1483 1530 1587 1584 eodem
1610 1528 1659 1583 Iol.
1683 1543 1773 1582 verso

368 1613 583 1683 adglutinatum
605 1621 653 1668 est
675 1613 789 1684 insigne
812 1613 883 1669 bibl.
914 1614 1148 1685 Rosenbergicae
1180 1632 1206 1671 a.
1235 1615 1325 1684 1609,
1351 1631 1387 1670 ex
1412 1631 1471 1685 qua
1502 1618 1596 1670 codex
1619 1621 1719 1670 noster
1742 1615 1771 1668 in

368 1700 577 1756 monasterium
600 1698 786 1756 Tiebonense
811 1701 939 1758 devenit.

475 1866 545 1948 180
963 1868 993 1945 I.
1021 1871 1068 1944 D.
1096 1871 1157 1944 40.

366 1971 476 2071 chart.
498 2026 586 2070 saec.
609 2007 734 2071 XVIII
751 2009 795 2069 in.
819 2009 866 2092 ff.
891 2010 934 2072 49
949 2029 1052 2082 rrum..
1075 2012 1116 2073 31
1134 2011 1167 2067 ><
1179 2011 1220 2073 21
1238 2028 1301 2073 cm.
1318 2014 1355 2071 ut
1376 2011 1509 2072 videtur
1524 2009 1772 2090 azrtographus.

474 2130 726 2194 Monasterium
749 2131 783 2195 S.
806 2133 951 2211 Agnetis
975 2150 1154 2194 sacrarum
1177 2132 1354 2212 virginum
1377 2131 1612 2195 Clarissarum
1639 2129 1775 2193 ordinis

368 2220 401 2283 S.
435 2217 611 2282 Francisci
643 2218 918 2297 Vetero-Pragae
949 2220 1156 2282 describitur
1186 2237 1207 2280 a
1236 2220 1373 2282 Joanne
1402 2218 1564 2281 Floriano
1593 2219 1773 2280 Hammer·

368 2305 503 2369 schmid
527 2354 534 2367 .
559 2351 567 2368 .
591 2351 599 2366 .
622 2310 655 2367 in
685 2304 779 2384 Teyn
813 2311 962 2384 primario
986 2315 1109 2368 curato
1141 2306 1310 2383 (Continet
1331 2312 1432 2368 vitam
1456 2306 1645 2369 fundatricis
1671 2311 1702 2366 et
1724 2304 1771 2364 hi-

369 2397 502 2455 storiam
536 2409 603 2454 non
641 2393 748 2453 solum
780 2399 968 2454 monasterii
999 2395 1133 2473 praelati
1166 2396 1226 2454 sed
1250 2399 1346 2454 etiam
1382 2398 1416 2468 (a
1439 2393 1459 2454 i.
1484 2393 1540 2468 38)
1563 2391 1772 2471 Tynecensis

369 2480 517 2542 eiusdem
541 2477 687 2558 ordinis.)

477 2651 533 2732 181
966 2653 996 2728 I.
1024 2653 1072 2727 I).
1100 2652 1162 2727 41.

369 2794 477 2858 chart.
500 2809 585 2855 saec.
609 2789 734 2853 XVIII
746 2789 785 2872 ff.
808 2791 874 2854 300
896 2809 1001 2869 iruna,
1024 2792 1165 2854 32><21
1194 2809 1255 2854 cm.
1280 2795 1298 2854 1
1323 2809 1369 2852 m.

473 2913 669 2977 euriositas
691 2912 911 2991 privilegiata
939 2913 976 2976 in
1005 2912 1145 2975 Dudum
1176 2931 1239 2992 pro
1262 2912 1384 2988 Hodie,
1410 2928 1474 2974 seu
1496 2910 1778 2973 Dissertationes-

370 3007 406 3065 et
427 3001 651 3080 quaestiones
675 2999 717 3060 de
739 2999 916 3061 universis
939 3000 1129 3079 privilegiis
1154 3018 1175 3062 a
1197 3001 1231 3065 S.
1253 2999 1294 3063 D.
1319 2999 1500 3062 Clemente
1534 2997 1583 3059 XI
1616 2999 1705 3058 bulla
1727 3003 1773 3058 in-

370 3095 507 3168 cipiente
531 3085 665 3148 Dudum
689 3086 740 3146 die
764 3085 804 3146 27
828 3085 932 3148 Martii
956 3105 984 3150 a,
1013 3087 1139 3150 1715..
1157 3085 1365 3152 ,vicariatui
1388 3085 1561 3160 Bo'e'miae,
1584 3083 1773 3158 Moraviae,

370 3177 559 3253 Utriusque
581 3173 744 3236 Lusatiae
777 3173 966 3250 concessis,
997 3179 1028 3235 in
1061 3177 1255 3252 quibus...
1281 3174 1509 3252 expenduntur
1532 3173 1719 3251 privilegia.
1741 3218 1773 3232 ..

372 3283 398 3325 s
423 3265 492 3325 ord.
517 3260 743 3324 Cisterciensis
777 3279 815 3322 ac
850 3262 1006 3322 aliorum.
1025 3255 1057 3324 ..
1083 3263 1245 3336 ordinum,
1281 3266 1374 3322 cuius
1409 3261 1506 3320 hodie
1543 3264 1608 3320 sint
1641 3259 1778 3319 valoriS.

372 3352 450 3412 Pars
474 3354 651 3428 prima...
676 3347 821 3408 Authore
844 3347 879 3408 F.
903 3347 1091 3410 Benedicto
1115 3349 1274 3427 Scheppl‚
1306 3348 1374 3408 ord.
1408 3345 1542 3408 Cisterc.
1568 3350 1709 3406 monast.
1734 3345 1775 3404 de

372 3438 464 3498 Plass
488 3435 638 3515 professo
663 3441 694 3496 et
717 3438 895 3514 suppriore.

475 3544 594 3615 <Annus
617 3543 737 3598 ultimus
761 3545 791 3597 in
814 3557 900 3613 opere
924 3549 1169 3599 commemoratus
1193 3549 1238 3598 est
1264 3535 1369 3616 1742.)
1394 3540 1462 3596 Sine
1486 3541 1579 3596 dubio
1604 3556 1619 3595 e
1643 3545 1779 3597 monast.

371 3631 532 3686 Plassensi.

479 3799 548 3880 182
969 3798 999 3874 I.
1027 3799 1075 3872 D.
1102 3797 1164 3872 42.

373 3942 480 4004 chari.
503 3957 591 4003 saec.
615 3940 653 4003 X
657 3939 685 4002 V
690 3940 738 4023 ff.
762 3942 835 4016 250,
859 3943 900 4004 31
915 3943 947 3998 ><
959 3941 998 4002 21
1025 3957 1088 4001 cm.
1112 3941 1130 4001 1
1155 3956 1199 3999 m.

674 4064 816 4127 Missale
839 4064 1032 4125 secundum
1054 4060 1227 4122 rubricam
1249 4058 1470 4138 Pragensem.

476 4175 507 4235 F.
536 4177 547 4230 1
575 4182 603 4230 et
622 4173 651 4230 ii.
677 4172 737 4228 232
763 4187 824 4242 seq.
849 4169 1002 4225 recentiori
1027 4184 1115 4223 manu
1139 4169 1247 4239 scripta
1259 4183 1323 4222 esse
1338 4169 1482 4235 videntur,
1495 4168 1525 4221 in
1549 4165 1578 4220 ff.
1604 4163 1778 4220 234-245-

373 4271 442 4320 sunt
465 4270 551 4320 notae
573 4261 713 4317 musicae.
737 4258 769 4314 In
794 4259 813 4314 1.
839 4251 918 4313 250b
941 4257 995 4311 hae
1021 4263 1107 4310 notae
1131 4260 1306 4312 occurrunt:
1343 4254 1397 4310 sa.
1430 4254 1458 4309 d.
1489 4251 1567 4307 1425
1599 4251 1671 4307 obiit
1694 4251 1775 4305 dom.

372 4351 472 4406 Welilr
495 4349 664 4422 capellanus
688 4348 723 4402 de
747 4345 865 4415 Ugezd.
885 4387 916 4401 ..
942 4359 1020 4398 anno
1044 4345 1146 4398 eodem
1171 4341 1243 4396 obiit
1267 4342 1295 4397 d.
1319 4339 1470 4396 Johannes
1494 4339 1579 4394 Floss
1603 4337 1774 4408 capellanus

374 4442 409 4494 de
435 4437 628 4508 Wodnyan.«

480 4605 550 4686 183
983 4597 1013 4672 Ι.
1041 4597 1089 4672 D.
1117 4597 1177 4671 43.

374 4748 480 4809 chari.
503 4745 610 4807 scribi
632 4747 761 4826 coeptus
784 4760 815 4804 a.
851 4739 945 4816 1403,
970 4737 1017 4820 ff.
1042 4738 1106 4800 226
1128 4755 1234 4810 nram„
1257 4736 1400 4799 28><22
1430 4752 1493 4797 cm.
1518 4733 1549 4794 d.
1572 4751 1618 4792 m.

479 4869 498 4932 i.
527 4870 557 4930 1·
580 4865 682 4928 Notae
706 4866 868 4944 quaedam
893 4865 1074 4941 argumenti
1097 4859 1279 4936 theologici,
1316 4875 1399 4935 quae
1434 4860 1511 4916 item
1547 4859 1781 4915 continuantur

374 4963 406 5019 in
430 4957 483 5018 iol.
509 4956 631 5018 codicis
654 4955 777 5014 ultimo,

479 5061 498 5122 i.
528 5055 760 5121 rb-2bSenn0
785 5058 825 5116 de
848 5057 976 5116 ieiunio
