3974 6014
901 583 961 645 108

227 791 328 868 Prage
351 795 383 850 in
407 789 509 852 Parva
532 797 621 870 parte
645 795 677 852 in
701 792 783 868 pede
808 796 916 870 pontis
950 797 981 852 in
1013 792 1113 852 domo
1144 791 1373 852 cruciferorum
1404 791 1500 853 michi
1532 789 1627 853 Cruci

232 879 272 938 de
296 875 395 938 Telcz
408 881 528 940 vicario
548 884 625 939 tunc
650 878 786 938 ecclesie
804 895 829 940 s.
847 877 1020 957 Pragensis
1038 879 1078 938 de
1095 881 1233 956 precio«
1251 877 1404 958 (Additum
1419 884 1449 937 in
1468 883 1628 951 marginez)

229 963 320 1042 »Ego
342 963 438 1025 Crux
461 965 503 1026 de
526 964 625 1026 Telcz
655 965 837 1042 predicator
865 971 943 1026 tunc
974 969 1129 1044 temporis
1159 969 1191 1024 in
1221 962 1405 1027 Sobieslaw
1435 983 1462 1026 a.
1488 965 1518 1026 d,
1547 963 1626 1024 1477

225 1055 351 1111 correxi
374 1051 473 1112 libros
496 1068 614 1112 omnes
638 1057 777 1131 quatuor
806 1056 896 1129 gravi
927 1052 1037 1113 labore
1070 1052 1161 1112 solus
1192 1055 1224 1111 in
1247 1053 1354 1129 vigilia
1376 1050 1498 1112 Mathei
1521 1057 1626 1129 apost.

225 1143 405 1220 etewang.
423 1189 430 1202 .
450 1163 475 1198 ,ι
502 1135 692 1218 Sequuntur
713 1138 835 1218 aliquot
869 1145 977 1213 notae,
1012 1143 1094 1198 inter
1116 1155 1199 1218 quas
1238 1138 1345 1217 »quod
1380 1155 1464 1216 mag.
1498 1144 1627 1198 senten-

223 1229 345 1284 ciarum
368 1228 400 1284 in
425 1230 500 1285 octo
523 1225 605 1285 locis
630 1225 803 1285 declinavit
825 1226 866 1285 ab
891 1225 1100 1303 opinionibus
1123 1225 1384 1285 communibus«

314 1322 351 1389 'i
377 1323 457 1388 2659
477 1327 747 1407 Supplementum
771 1329 832 1390 loci
856 1333 887 1390 in
912 1327 1087 1391 Sententiis
1111 1345 1211 1407 supra
1233 1333 1392 1390 ommissi.

249 1429 858 1579 ffii.26621-292ll’Excerpta'ex
890 1433 982 1495 Guil.
1020 1432 1175 1495 Durandi
1212 1432 1384 1495 Rationali
1424 1433 1626 1494 divinorum

225 1535 246 1580 ο
288 1536 433 1580 erorum.

333 1623 352 1684 i.
378 1623 458 1684 2959
480 1621 595 1684 »Tituli
628 1627 719 1701 primi
751 1625 819 1684 libri
852 1621 1098 1685 Sentenciarum
1123 1625 1260 1684 obmissi
1284 1625 1335 1685 hic
1360 1625 1499 1702 suppleti
1531 1630 1625 1684 sunt‹

225 1713 294 1789 (per
317 1709 456 1772 Crucem
481 1709 521 1770 de
543 1708 667 1782 Telcz).

333 1813 352 1875 i.
378 1809 459 1874 2959
477 1811 580 1874 Notae
605 1813 645 1874 de
669 1819 858 1875 iuramento¹

332 1900 352 1961 i.
377 1895 582 1961 2969-2989
605 1899 737 1978 »Incipit
759 1901 837 1961 liber
860 1905 979 1961 tercius
1004 1901 1045 1961 de
1069 1901 1350 1979 predestinacione
1374 1906 1405 1962 et
1428 1902 1507 1962 libro
1530 1905 1623 1962 vite«

330 1987 350 2048 i,
375 1983 458 2048 2989
477 1985 594 2047 Sermo
619 1988 659 2047 de
684 1986 716 2048 S.
742 1985 862 2066 Spiritu
885 1988 1056 2048 Anshelmi
1080 1993 1226 2066 episcopi
1238 1988 1281 2048 ad
1293 1987 1476 2064 Eugenium
1501 2005 1629 2066 papam.

330 2073 350 2134 l.
376 2072 583 2134 2992-3352
611 2073 797 2135 Anshclmi
832 2073 939 2151 episc.
975 2073 1272 2152 Haveibergensis
1303 2074 1550 2136 anticimenon
1588 2075 1632 2135 ad

221 2160 417 2238 Eugenium
455 2176 581 2237 papam
621 2159 679 2239 (=
702 2159 928 2238 Dialogorum
960 2161 1132 2222 adversus
1171 2161 1325 2223 Graecos
1358 2161 1438 2222 libri
1472 2166 1556 2236 tres,
1590 2160 1639 2222 cl..

223 2249 397 2326 d'Achery,
423 2245 531 2325 Spicil.
556 2265 586 2307 v.
613 2264 675 2308 scr.
700 2246 782 2325 Xlll)
805 2247 825 2309 l.
850 2242 932 2307 3359
969 2247 1125 2326 »Explicit
1147 2248 1227 2308 liber
1260 2248 1430 2308 Anshelmi
1453 2247 1629 2309 Havelber-

223 2339 336 2412 gensis
361 2338 507 2412 episcopi
531 2351 559 2394 a.
585 2334 615 2394 d.
645 2333 756 2394 1466.«
783 2332 919 2414 (ibidem)
946 2333 1014 2394 »De
1038 2335 1307 2396 nonallenacione
1332 2351 1437 2396 rerum
1462 2335 1629 2395 ecclesie«

334 2419 353 2480 i.
378 2415 584 2480 3359-3429
608 2419 738 2498 »Incipit
761 2421 839 2481 liber
862 2421 1031 2481 secundus
1066 2421 1106 2481 de
1139 2426 1353 2482 sacramentis
1388 2425 1506 2482 veteris
1541 2422 1630 2498 legis

226 2506 413 2567 Videndum
438 2512 488 2567 est
511 2511 614 2584 primo
650 2507 690 2566 de
726 2511 1012 2569 sacramentis..
1038 2507 1085 2580 (ln
1119 2509 1229 2568 tabula
1267 2514 1493 2568 contentorum
1531 2524 1632 2570 manu

226 2593 342 2655 Crucis
366 2594 406 2653 de
429 2591 528 2654 Telcz
552 2594 631 2654 liber
654 2597 701 2654 sic
725 2595 917 2654 intitulatur:
943 2593 1158 2672 Questiones
1181 2595 1322 2674 quedam
1339 2595 1511 2656 cuiusdam
1527 2609 1634 2670 super

231 2680 276 2741 lV
299 2680 426 2740 librum
450 2679 742 2757 Sentenciarum).
767 2680 786 2741 i.
811 2675 892 2740 3429
914 2679 1021 2742 »Finis
1053 2685 1260 2760 questionum
1296 2697 1394 2760 super
1423 2676 1480 2743 lV⁰
1503 2687 1631 2742 senten-

231 2771 352 2828 clarum
377 2771 636 2828 nesciocuius«

341 2853 360 2914 l.
385 2849 466 2914 3429
489 2853 556 2914 »De
580 2859 741 2914 caractere
766 2857 850 2913 etin
876 2853 994 2932 quibus
1026 2858 1240 2914 sacramentis
1271 2858 1460 2932 inprimatur
1489 2859 1634 2914 caracter

232 2947 263 3000 et
287 2939 485 3001 subiciencla
507 2941 632 3001 huius«

342 3027 360 3088 i.
385 3022 465 3086 3439
489 3026 596 3104 »Quot
619 3027 726 3087 modis
751 3027 865 3087 dicitur
888 3026 1113 3103 passibilitas·

341 3117 454 3172 Praeter
475 3117 567 3172 libros
591 3115 757 3184 Lombardi‚
780 3115 921 3182 Durandi,
945 3117 1097 3171 Anshelmi
1121 3119 1220 3171 omnia
1254 3117 1398 3187 opuscula
1432 3117 1545 3172 minora
1583 3117 1633 3170 de-

231 3203 348 3273 scripsit
372 3203 451 3258 Crux
474 3205 510 3258 de
532 3203 626 3271 Telcz‚
665 3205 714 3273 qui
738 3203 825 3257 etiam
849 3203 945 3258 codici
967 3206 998 3258 in
1022 3204 1159 3274 operculo
1184 3219 1248 3274 sup.
1273 3204 1403 3258 tabulam
1426 3209 1633 3258 contentorum

232 3290 354 3358 addidit,
389 3306 477 3361 quam
501 3305 555 3344 nos
579 3305 695 3360 quoque
719 3289 812 3344 secuti
836 3305 948 3345 sumus,
973 3289 1056 3345 Hanc
1080 3290 1210 3344 tabulam
1234 3291 1278 3344 sic
1302 3290 1452 3345 inscribit:
1502 3289 1552 3344 »ln
1577 3291 1633 3358 hoc

231 3377 380 3431 volumine
403 3377 589 3432 continentur
612 3377 659 3431 isti
681 3375 747 3431 libri
770 3391 821 3446 per
850 3391 895 3430 me
932 3375 1055 3432 Crucem
1090 3378 1125 3431 de
1159 3375 1244 3431 Telcz
1278 3377 1378 3448 scripti
1412 3384 1439 3431 et
1473 3378 1633 3446 comparati

233 3465 320 3520 scribi
342 3465 372 3517 in
395 3463 522 3519 ecclesia
544 3463 710 3533 Pragensi.«
744 3462 845 3516 Eidem
876 3459 1016 3518 ecclesiae
1052 3463 1184 3518 codicem
1218 3463 1375 3518 destinavit
1398 3478 1563 3534 possessor,
1603 3469 1634 3517 ut

232 3557 309 3620 patet
333 3567 368 3604 ex
392 3557 462 3606 nota
483 3553 514 3604 in
538 3550 697 3620 fragmento
720 3550 880 3606 membran.
904 3551 1059 3604 cuiusdam
1083 3566 1137 3606 ms.
1165 3557 1271 3606 vetust.
1297 3549 1426 3619 alligato,
1450 3565 1538 3620 quam
1555 3549 1634 3603 Crux

233 3638 293 3706 ipse
317 3639 445 3693 addidit:
483 3635 572 3691 »Post
601 3643 721 3692 mortem
753 3636 890 3705 magister
919 3635 1059 3692 Nicolaus
1090 3643 1121 3691 ut
1152 3636 1296 3706 relinquat
1327 3636 1356 3691 in
1380 3643 1554 3693 testamento
1579 3651 1633 3691 suo

233 3739 284 3793 pro
308 3724 432 3779 ecclesia
455 3723 601 3792 Pragensi,
626 3723 696 3793 quia
718 3724 758 3778 ibi
782 3737 847 3776 eum
871 3724 1034 3792 acquisivi«
1060 3723 1110 3792 (cl.
1135 3723 1154 3780 i.
1181 3723 1281 3789 265²).
1316 3719 1514 3781 Nihilominus
1539 3723 1634 3777 codex

234 3827 259 3866 a.
288 3810 368 3864 1609
393 3817 453 3865 erat
476 3810 546 3866 bibl.
570 3810 812 3879 Rosenbergicae,
844 3809 948 3864 deinde
973 3817 1099 3868 monast.
1131 3806 1337 3867 Tlebonensis.
1384 3809 1427 3866 Cl.
1452 3807 1577 3865 Vestnllr
1600 3791 1633 3865 C.

340 4063 412 4144 108
849 4065 877 4139 [ς
909 4063 942 4140 C.
972 4065 1032 4140 17.

234 4207 341 4267 chart.
367 4223 401 4267 a.
424 4203 511 4267 1422
521 4204 570 4286 ff.
594 4203 668 4278 194,
690 4205 833 4266 29)(22
856 4223 918 4267 cm.
942 4205 973 4265 d.
997 4223 1042 4265 m.

341 4326 429 4405 Mag.
453 4326 620 4388 Matthiae
645 4328 686 4388 de
717 4325 866 4405 Legniez
888 4325 1036 4388 Lectura
1066 4343 1173 4404 super
1205 4325 1374 4403 epistolas
1405 4326 1633 4388 dominicales

233 4415 343 4477 totius
366 4414 461 4475 anni.

340 4519 360 4579 i.
392 4523 403 4582 l
430 4523 502 4590 (inc.
526 4521 668 4592 Prologus
680 4521 701 4592 z)
729 4515 871 4592 »Videte
896 4521 1049 4596 quoniam
1075 4534 1141 4577 non
1176 4517 1283 4578 solum
1308 4518 1384 4577 mihi
1407 4517 1549 4595 laborari
1575 4517 1634 4576 sed

237 4607 409 4666 omnibus«
430 4657 435 4665 .
456 4655 486 4667 ..
513 4607 610 4683 (Hanc
635 4608 849 4678 expositionem
873 4615 976 4662 auctor
998 4623 1029 4661 se
1047 4609 1243 4678 conscripsise
1259 4607 1362 4663 latetur
1376 4606 1394 4662 l.
1414 4607 1461 4673 2¹¹)
1488 4602 1635 4663 »delectu

236 4693 497 4770 predicacionum
528 4692 617 4752 verbi
649 4692 700 4751 dei
731 4696 762 4751 et
785 4706 974 4751 sermonum
998 4693 1030 4750 in
1054 4691 1227 4768 lingwagio
1251 4695 1363 4751 nostro
1388 4689 1607 4751 bohemico..
1628 4741 1637 4754 .,

236 4796 275 4838 ne
298 4779 463 4856 simplices
487 4777 579 4856 probi
603 4783 635 4838 et
658 4777 765 4838 devoti
790 4777 970 4856 presbyteri
994 4781 1130 4837 iuvenes
1155 4778 1326 4838 studentes
1350 4783 1461 4837 nostre
1478 4780 1634 4838 universi-

238 4870 308 4925 tatis
332 4866 418 4926 bone
442 4865 561 4926 indolis
584 4869 616 4924 et
638 4864 873 4925 adolescentuli
896 4864 937 4924 de
961 4864 1081 4940 lingua
1105 4863 1277 4924 bohemica
1300 4863 1342 4923 ob
1367 4862 1529 4924 deiectum
1546 4863 1634 4922 verbi

240 4951 340 5012 delet
363 4969 555 5012 sermonum
579 4955 610 5012 in
635 4951 807 5012 bohemico
830 4949 898 5010 fieri
922 4957 1157 5011 consuetorum
1181 4951 1314 5010 inbono
1338 4950 1586 5010 thabescerent.
1617 4973 1631 5000 ‹

242 5040 269 5091 >1
292 5037 309 5098 i.
339 5037 415 5098 194²
434 5036 540 5116 (rubr.)
568 5037 722 5116 »Explicit
744 5039 866 5098 lectura
889 5035 1033 5114 Magistri
1066 5035 1186 5098 blathie
1209 5036 1354 5115 Lignycz
1379 5037 1551 5115 Pragensis
1578 5051 1635 5113 per

917 5259 950 5308 37
