3938 6010
1046 570 1128 634 1094

490 774 593 856 1094
999 775 1057 851 VI.
1085 777 1133 852 D.
1159 778 1196 851 5.

383 898 491 961 chart.
514 915 601 962 saec.
626 897 695 960 XV
702 898 749 981 ff.
772 899 847 976 202,
868 901 947 962 296
957 901 1040 963 ><21
1060 919 1122 963 cm.
1146 901 1164 962 1
1183 917 1228 962 m.

382 1020 592 1084 Sermonum
626 1021 851 1099 antiquorum
874 1039 923 1084 ss.
947 1028 1087 1102 patrum
1109 1023 1151 1086 de
1173 1028 1331 1102 tempore
1354 1039 1437 1100 pars
1459 1021 1505 1084 1v
1528 1041 1549 1084 a
1572 1022 1787 1084 111111111-

601 1141 604 1148 ·
731 1107 852 1172 nitatis
875 1111 1054 1188 usquead
1077 1110 1269 1172 adventum
1292 1109 1435 1172 domini.

485 1197 519 1254 ln
542 1199 680 1271 operculo
703 1214 799 1270 super.
824 1200 897 1256 haec
920 1207 991 1256 nota
1015 1217 1102 1256 manu
1127 1215 1202 1257 suec.
1229 1199 1284 1256 XV
1307 1201 1416 1271 scripte
1438 1201 1582 1256 occurrit:
1610 1201 1714 1256 »Liber
1739 1215 1789 1254 ec·

382 1285 470 1340 clesie
494 1288 525 1340 in
547 1285 738 1342 Bossulecz‹.

488 1452 584 1535 1095
992 1455 1055 1530 Vi.
1084 1455 1132 1530 D.
1161 1457 1195 1529 6.

383 1575 493 1638 chart.
518 1595 551 1638 a.
575 1574 663 1638 1408
679 1575 719 1658 ff.
742 1576 809 1639 218
830 1594 934 1654 num„
957 1577 1097 1640 29><21
1122 1595 1186 1640 cm.
1209 1578 1242 1640 d.
1266 1595 1311 1639 m.

664 1697 807 1761 Henrici
829 1700 872 1761 de
894 1697 1063 1762 Frimcria
1086 1701 1129 1780 (1)
1151 1697 1338 1779 Expositio
1365 1698 1506 1762 missae.

486 1783 506 1845 1.
537 1789 568 1845 1⁵
593 1783 779 1864 »Quoniam
803 1786 946 1848 clamitat
969 1791 1113 1866 sapiens
1149 1789 1238 1867 quod
1255 1792 1495 1866 perscrutator«
1521 1785 1561 1864 ><
1585 1785 1606 1846 1.
1631 1781 1711 1848 218b
1731 1788 1781 1844 »in

381 1872 481 1949 glorie
505 1873 683 1934 libertatern
707 1875 892 1951 eripiuntur.
939 1873 1078 1952 Explicit
1111 1877 1280 1954 exposicio
1315 1889 1416 1952 super
1448 1871 1559 1934 cilicio
1590 1877 1690 1934 misse
1714 1887 1779 1932 rev.

382 1957 468 2036 Mag.
493 1956 622 2020 Henn'ci
647 1975 739 2019 sacre
759 2007 766 2022 .
787 2008 793 2021 .
814 2007 821 2020 .
841 1959 972 2038 (lacuna
995 1965 1162 2022 excisione
1185 1960 1284 2040 lacta)
1308 1960 1432 2021 ordinis
1455 1959 1585 2022 tranum
1609 1961 1781 2020 heremita·

382 2061 454 2106 rum
479 2063 507 2106 s.
532 2046 716 2123 Augustini,
748 2044 839 2107 linita
862 2063 919 2124 per
941 2063 1062 2108 manus
1084 2047 1260 2110 ,Iohannis
1284 2048 1326 2109 de
1349 2045 1533 2109 Modrovia
1554 2065 1583 2106 a.
1609 2047 1639 2107 d.
1667 2044 1777 2106 1408.-

381 2130 445 2204 (De
468 2139 601 2193 auctore
625 2132 665 2193 ci.
690 2131 830 2212 Czerny‚
853 2130 979 2194 Hdsch.
1005 2133 1051 2196 St.
1076 2133 1213 2205 Florian,
1240 2151 1269 2214 p.
1293 2134 1360 2208 45.)

486 2222 623 2294 Sequitur
646 2223 798 2294 registrum
822 2225 918 2293 operis
940 2227 970 2278 in
994 2224 1043 2280 iol.
1068 2225 1187 2296 alligato
1211 2239 1366 2280 nonnum.
1385 2225 1574 2294 compilatum
1598 2239 1686 2278 manu
1702 2237 1778 2276 saec.

380 2305 612 2366 xvit-xvlti.

489 2477 586 2562 1090
980 2477 1045 2553 Vl.
1073 2477 1121 2552 D.
1151 2477 1185 2554 7.

381 2602 490 2666 chori.
512 2619 599 2664 socc.
623 2599 709 2664 XIV
729 2619 776 2663 cx.
813 2599 863 2680 fs.
886 2601 961 2676 162,
983 2601 1163 2664 3οΧ21·5
1182 2619 1245 2664 cm.
1271 2601 1302 2663 d.
1326 2620 1371 2664 m.

381 2721 571 2785 Sermones
595 2722 824 2786 dominicales
847 2737 909 2800 per
932 2721 1099 2784 circulum
1123 2721 1207 2784 anni
1231 2719 1331 2784 initio
1354 2726 1524 2784 carentes.
1570 2719 1682 2796 (remi
1713 2738 1779 2784 ser-

805 2825 922 2870 mones
945 2813 977 2870 11
1002 2810 1145 2889 qualibet
1168 2806 1357 2886 dominica.)

489 2897 508 2958 l.
538 2893 613 2957 162b
636 2899 790 2970 (absoluto
813 2915 947 2955 sermone
970 2901 1054 2956 tertio
1078 2901 1243 2955 dominicae
1266 2895 1376 2970 XXIV)
1410 2892 1597 2974 »Chlubyss
1621 2911 1681 2974 sye
1700 2942 1707 2954 .
1727 2943 1761 2957 ..

381 3001 442 3062 zye
500 3031 506 3044 .
532 3031 539 3045 .
564 3001 647 3064 gyss
671 2999 765 3046 mass
789 2983 934 3044 nomez·
961 2981 1051 3062 (linis
1074 2983 1126 3044 hic
1150 2981 1297 3044 radendo
1321 2983 1432 3042 laesus
1456 2985 1529 3056 est).

490 3151 586 3236 1097
959 3152 1017 3230 VI.
1045 3153 1095 3230 D.
1122 3155 1159 3230 8.

381 3275 490 3338 chori.
513 3294 600 3340 socc.
639 3277 833 3342 XIV-XV
846 3279 886 3362 ff.
914 3279 984 3353 166,
1005 3277 1094 3340 30)(
1113 3277 1154 3338 21
1178 3293 1242 3339 cm.
1266 3277 1283 3338 l
1308 3293 1353 3338 m.

869 3399 1057 3463 Sermones
1080 3399 1122 3460 de
1146 3397 1289 3460 sanctis.

489 3486 508 3547 l.
538 3489 569 3547 1·
593 3486 683 3565 »Ego
714 3505 788 3548 sum
818 3491 891 3548 vitis
921 3505 1028 3547 vera.
1056 3537 1061 3546 .
1089 3537 1093 3546 .
1126 3483 1207 3546 Vitis
1238 3487 1301 3546 nisl
1325 3485 1561 3547 elaborarent«
1588 3483 1629 3563 ><
1653 3485 1672 3548 1.
1703 3484 1762 3544 156

379 3577 429 3646 (de
453 3593 477 3636 s,
503 3575 675 3649 Catharinc)
708 3575 769 3636 »ad
802 3578 941 3653 nupcias
975 3577 1046 3634 eius
1081 3575 1194 3650 sponsi
1228 3575 1339 3634 venire
1370 3571 1503 3634 feliciter
1523 3573 1712 3642 valeamus;
1736 3572 1779 3632 cd

380 3676 464 3738 quas
488 3677 551 3722 nos
575 3661 749 3739 perducat«
776 3667 835 3722 etc.

486 3830 587 3912 1090
973 3829 1034 3906 VI.
1061 3831 1109 3908 D.
1137 3833 1172 3906 9.

380 3955 487 4019 chart.
511 3971 600 4018 saec.
623 3953 693 4017 XV
699 3954 747 4037 ff.
769 3955 844 4032 361,
866 3957 907 4019 31
921 3954 1018 4030 Χ22
1039 3971 1102 4016 cen.
1125 3954 1157 4016 d.
1181 3973 1227 4018 m.

379 4076 611 4139 Decretclium
640 4073 792 4140 Pseudo·
821 4075 1092 4140 isidorianorum
1122 4091 1204 4155 pars
1234 4076 1248 4139 1
1280 4081 1365 4154 (seu,
1395 4084 1431 4138 ut
1460 4080 1493 4138 in
1523 4093 1636 4138 assere
1668 4091 1777 4154 super.

690 4164 888 4226 inscribitur:
913 4163 1018 4224 Prima
1040 4179 1116 4242 pars
1139 4165 1206 4224 libn'
1230 4165 1464 4238 conciliorum).

488 4249 508 4310 l.
536 4253 567 4310 1⁸
595 4248 648 4310 »ln
671 4253 804 4312 nomine
827 4255 927 4329 patris
952 4297 958 4310 .
985 4301 990 4312 .
1018 4301 1022 4311 .
1047 4254 1183 4311 nomina
1207 4255 1446 4329 provinciarum
1470 4250 1774 4329 11011111111ρ1111ι

380 4335 419 4413 ><
444 4335 464 4396 i.
488 4335 569 4398 361⁸
592 4337 734 4411 (Explicit
756 4341 912 4397 concillum
937 4339 1078 4412 spalense
1101 4342 1280 4412 secundum)
1328 4337 1516 4402 »Hactenus
1539 4337 1675 4415 digestis
1698 4351 1776 4397 con·

379 4423 458 4482 ciliis
481 4439 508 4484 s,
534 4429 659 4501 patrum
696 4430 875 4503 sequentur
908 4425 1039 4485 decreta
1070 4425 1235 4502 presulum
1274 4423 1506 4488 Romanorum.
1540 4421 1664 4486 Pietate
1687 4422 1775 4483 sedis

378 4510 556 4587 apostolice
580 4510 748 4588 presulum
771 4515 958 4578 constituta,
983 4527 1046 4590 que
1069 4510 1112 4571 ad
1135 4511 1209 4572 iidei
1234 4513 1378 4590 regulam
1393 4511 1445 4594 vel
1461 4511 1503 4574 cd
1520 4510 1775 4572 ecclesiasticam

378 4599 537 4673 pertinent
561 4596 774 4676 disciplinam,
797 4601 830 4659 in
853 4598 917 4659 hoc
940 4598 1019 4658 libro
1043 4595 1184 4676 diligenti
1207 4613 1289 4660 cura
1310 4600 1446 4660 collecta
1468 4603 1556 4672 sunt,
1587 4602 1633 4658 ita
1655 4603 1690 4658 ut
1712 4600 1775 4656 sin·

376 4682 525 4760 gulorum
550 4683 741 4762 pontificum
764 4689 927 4764 quotquot
957 4684 1088 4744 decreta
1110 4701 1132 4744 1
1154 4685 1250 4746 nobis
1281 4691 1407 4765 reperta
1436 4689 1524 4754 sunt,
1570 4685 1634 4744 sub
1664 4687 1774 4746 unius·

378 4772 538 4849 cuiusque
561 4770 698 4849 epistole
722 4775 805 4832 serie
829 4774 965 4851 propriis
988 4771 1087 4831 titulis
1111 4778 1360 4850 prenotarentur
1382 4789 1422 4834 eo
1445 4771 1558 4846 modo,
1588 4787 1657 4851 quo
1679 4785 1774 4849 supe-

378 4859 444 4915 rius
468 4855 665 4935 prelatorum
696 4863 824 4936 patrum
854 4874 1000 4919 canones
1031 4861 1144 4919 nostro
1175 4859 1285 4921 studio
1316 4859 1454 4920 ordinati
1485 4863 1572 4929 sunt,
1610 4862 1774 4937 quatenus

377 4943 505 5004 lectoris
528 4943 688 5004 industria
710 4943 835 5005 lucilius
858 4945 1031 5023 intelligere
1055 4949 1171 5022 possit,
1198 4945 1276 5006 dum
1300 4947 1454 5025 capitulis
1471 4948 1608 5026 propriis
1624 4943 1774 5005 distinctu

378 5029 541 5091 intendit«

1050 5253 1102 5308 448
