3938 6010
844 567 925 630 1343

291 763 386 846 1339
784 777 865 855 VII.
893 779 934 853 F.
962 781 1027 855 20.

183 903 293 966 chart.
317 924 404 969 saec.
429 907 517 971 XVI
535 929 580 974 ex.
592 913 639 993 ff.
663 915 738 989 103,
761 917 805 979 20
821 919 859 997 ><
873 921 917 982 16
928 939 991 982 cm.
1016 921 1047 982 d.
1072 939 1117 982 m.

182 1024 317 1089 Nicolai
340 1030 422 1091 Salii
446 1033 477 1093 S.
501 1033 531 1095 J.
557 1034 658 1097 Vitae
681 1045 888 1101 sanctorum
911 1041 1098 1105 Bohemiae
1121 1050 1368 1123 patronorum:
1393 1047 1495 1110 lvani
1511 1067 1585 1112 ere-

236 1115 351 1192 mitae,
376 1117 585 1197 wenceslai,
608 1123 796 1201 Adalberti,
823 1125 996 1207 Procopii,
1021 1130 1233 1210 sigismundi
1257 1139 1292 1195 et
1314 1137 1343 1196 b.
1367 1135 1530 1212 Agnetis

291 1223 372 1296 Opus
396 1229 453 1282 hoc
476 1245 657 1302 anonymum
681 1239 752 1288 nola
776 1235 863 1291 titulo
889 1253 978 1294 manu
1003 1243 1120 1311 propria
1144 1243 1293 1311 adscripta
1322 1241 1491 1298 Bohuslaus
1516 1243 1585 1299 Bal·

182 1309 269 1366 blnus
293 1315 424 1369 attribuit
447 1314 570 1372 Nicolao
594 1317 675 1374 Salio
710 1319 759 1390 (cf.
793 1323 928 1378 eiusdem
958 1325 1032 1381 Bolr.
1066 1330 1185 1382 doctam
1216 1331 1262 1383 ed.
1295 1329 1400 1397 Unger.
1432 1329 1467 1400 ΙΙ,
1492 1331 1583 1400 420).

182 1395 205 1449 E
228 1406 328 1454 nostro
352 1404 454 1456 codice
478 1405 569 1458 vitam
592 1421 615 1462 s.
640 1404 773 1478 Procopii
797 1411 909 1466 editam
934 1415 1002 1466 vide
1026 1417 1103 1484 apud
1128 1414 1245 1469 Surium
1269 1414 1333 1483 Vll,
1355 1416 1424 1476 185.
1447 1416 1491 1472 Ex
1508 1419 1579 1474 bibl.

182 1484 297 1555 collegii
321 1486 351 1543 S.
375 1488 400 1542 J.
426 1489 667 1550 Crumloviensis.

289 1671 389 1754 13411
791 1681 870 1757 VII.
899 1683 939 1757 F.
968 1685 1030 1758 21.

181 1811 288 1874 chart.
311 1831 399 1902 saec.
421 1813 529 1878 XVII
539 1817 581 1898 ff.
605 1819 678 1894 223,
701 1820 781 1882 195
788 1823 875 1884 ><15
888 1839 951 1885 cm.
974 1823 992 1885 1
1019 1843 1064 1886 m.

184 1932 390 2014 »Catalogus
413 1939 582 2000 nobilium
607 1942 703 2019 regni
734 1943 871 2005 Scotiae
894 1943 994 2006 iuxta
1016 1945 1139 2007 titulos
1173 1963 1259 2010 suos
1294 1948 1331 2010 in
1365 1950 1499 2012 classes
1528 1969 1579 2014 re·

180 2022 370 2096 dactorum,
393 2033 497 2102 prout
519 2032 633 2088 status
657 2029 754 2106 regni
777 2029 910 2092 ferebat
932 2049 961 2092 a.
987 2032 1066 2093 Chr.
1094 2031 1155 2093 16.
1176 2059 1202 2095 .‹
1228 2037 1316 2110 (finis
1340 2039 1419 2097 tituli
1443 2039 1578 2100 evulsus

285 2114 356 2184 est).
382 2109 570 2192 Sequuntur
592 2115 691 2176 index
714 2121 822 2194 operis
847 2135 985 2178 mancus
1010 2125 1041 2180 et
1064 2120 1126 2180 217
1150 2125 1290 2200 insignia
1309 2124 1460 2185 colorata.

283 2217 327 2273 Ex
350 2220 421 2277 bibl.
446 2220 561 2276 Patrum
584 2222 778 2279 Hibernorum
802 2225 948 2296 Pragensi.

285 2404 366 2485 1341
783 2410 867 2486 VII.
896 2411 933 2485 F.
962 2412 1024 2487 22.

178 2546 367 2606 membran.
390 2565 478 2608 saec.
503 2547 722 2612 XIII—XIV
737 2551 777 2632 ff.
801 2551 866 2612 107
889 2569 992 2618 natm..
1017 2552 1060 2614 19
1075 2559 1112 2630 ><
1129 2554 1172 2615 13
1195 2572 1257 2615 cm.
1282 2561 1362 2616 Im.

334 2669 490 2732 Goffredi
514 2671 555 2732 de
578 2671 691 2734 Trano
714 2672 859 2734 Summa
882 2689 988 2750 super
1010 2674 1159 2735 rubricis
1182 2675 1421 2739 decretalium.

286 2797 398 2853 Recens
434 2798 565 2866 Schulte,
590 2797 661 2853 Can.
686 2797 797 2854 Hdscb.
821 2815 849 2869 p.
875 2800 925 2855 47.

283 2983 380 3063 1342
780 2983 861 3058 VII.
889 2984 929 3058 F.
959 2985 1019 3060 23.

176 3126 367 3186 rirembron.
392 3142 424 3186 a.
449 3123 536 3186 1353
553 3124 593 3206 ff.
616 3124 690 3198 827,
714 3123 792 3186 185
799 3124 896 3202 ><13
919 3143 980 3186 cm.
1005 3126 1023 3186 l
1049 3143 1094 3186 m.

369 3247 586 3309 Breviarium
609 3238 889 3308 Chotesoviense
911 3248 1139 3324 praecedente
1161 3247 1370 3311 calendario.

264 3369 282 3430 l.
307 3365 387 3430 817b
414 3367 571 3445 »Explicit
594 3369 681 3440 liber,
705 3385 803 3446 quern
828 3373 1028 3446 comparavit
1051 3369 1085 3430 ir.
1110 3368 1278 3430 Iohannes
1302 3375 1333 3431 in
1358 3369 1571 3450 Chotyssaw,

176 3460 355 3516 canonicus
379 3459 517 3516 ecclesie
551 3453 725 3532 Teplensis
759 3455 802 3514 ad
838 3456 968 3516 laudem
992 3458 1131 3532 gloriose
1154 3461 1286 3534 virginis
1321 3457 1422 3519 llarie
1457 3467 1489 3520 et
1528 3462 1572 3522 ad

175 3545 334 3604 honorem
359 3560 385 3602 s.
411 3541 613 3620 Wenceslay
637 3544 768 3616 gloriosi
792 3546 952 3620 martyris¹
979 3540 1141 3620 Scriptum
1165 3561 1222 3620 per
1243 3542 1443 3606 Iohannem
1466 3548 1574 3626 scrip·

174 3637 288 3691 torem
312 3630 471 3690 eiusdem
496 3628 561 3690 loci
579 3635 610 3688 et
632 3630 758 3689 finitum
782 3646 810 3688 a.
837 3629 866 3689 d.
894 3627 976 3690 1353
999 3627 1112 3689 Nonas
1135 3627 1360 3690 Novembris«

279 3716 299 3776 i.
324 3715 528 3779 8181-827·
550 3720 623 3788 (alia
646 3715 748 3792 manu)
773 3713 925 3775 Officium
950 3715 1022 3776 sesti
1046 3720 1238 3776 visitationis
1263 3733 1288 3777 s.
1313 3716 1443 3780 Mariae.

279 3802 299 3862 f.
324 3799 529 3863 827·-827b
552 3801 706 3880 Hymnus
730 3802 772 3862 ad
798 3819 823 3862 s.
849 3801 1026 3862 Barbarum
1051 3807 1137 3862 notis
1161 3807 1298 3864 musicis
1326 3808 1516 3868 instructus

285 3927 429 3998 Operculo
453 3929 534 3986 inser.
560 3929 705 3997 adligatos
730 3934 800 3982 sunt
822 3927 922 3981 literae
946 3927 1061 3983 Nicolai
1085 3927 1235 3998 Gleynicz,
1260 3946 1352 4000 papae
1375 3931 1572 4000 poenitentia·

175 4019 218 4086 rii,
257 4019 342 4071 datae
377 4015 459 4071 Petro
495 4016 627 4086 professo
658 4013 793 4084 'sepiensi
818 4015 926 4069 Romae
951 4031 977 4070 a.
1007 4014 1096 4074 1424,
1143 4014 1175 4068 ln
1198 4015 1302 4087 iisdem
1325 4023 1420 4072 versis
1445 4020 1573 4073 occurrit

174 4105 298 4159 collecta
321 4106 356 4158 de
380 4118 405 4160 s.
424 4093 542 4174 'Cyrtllo
566 4107 593 4156 et
616 4101 777 4158 Methodio.
804 4100 847 4156 Ex
873 4109 999 4157 monast.
1025 4097 1260 4157 Chotesoviensi.

280 4307 377 4388 1343
776 4303 859 4379 VII.
887 4305 927 4379 F.
956 4305 1015 4378 24.

172 4449 360 4510 membran.
384 4465 471 4510 saec.
495 4447 582 4508 XIV
592 4445 641 4525 ff.
666 4446 740 4522 111,
768 4445 943 4508 19·5><15
963 4465 1036 4518 cm„
1060 4445 1077 4506 1
1106 4464 1149 4505 m.

520 4569 641 4631 Jacobi
664 4569 706 4629 de
729 4567 903 4645 Voragine
926 4567 1086 4645 Legenda
1108 4583 1224 4628 aurea.

277 4695 296 4755 l.
326 4695 359 4754 1⁸
385 4691 601 4754 »Universum
626 4698 756 4767 tempus
789 4693 950 4768 presentis
983 4692 1066 4749 vite«
1095 4689 1133 4765 ><
1158 4687 1179 4748 1.
1207 4685 1283 4748 1391
1317 4691 1367 4758 (de
1404 4705 1428 4748 s.
1466 4687 1572 4767 Paulo)

174 4782 328 4842 »flamma
351 4781 530 4841 crescebat.
551 4777 621 4838 Hec
646 4777 902 4839 Crisostomus.‹

277 4869 295 4929 1.
324 4867 525 4928 1392-1442
549 4869 714 4941 (recentiori
738 4869 841 4937 manu)
864 4862 957 4924 Vitae
982 4880 1008 4922 S.
1033 4859 1185 4934 Udalrici,
1209 4859 1445 4938 Margarethue‚
1470 4861 1574 4922 Alexii

171 4955 267 5032 (haec
291 4957 403 5015 mutila
425 4959 457 5015 in
481 4953 570 5028 fine).

279 5063 322 5118 Ex
347 5063 416 5118 bibl.
442 5061 557 5131 collegii
582 5059 610 5117 S.
637 5061 662 5115 J.
690 5059 918 5115 Crumloviensi.

847 5282 896 5330 511
