3978 6006
1032 607 1114 670 1554

480 815 502 879 i.
527 811 690 879 381-39b
713 815 868 897 (anepigr.)
892 814 1059 877 Bernardi
1077 813 1373 878 claraevallensis
1388 812 1643 876 Meditationes.
1663 811 1772 874 »Multi

373 905 474 965 multa
498 903 625 965 sciunt«
651 903 685 962 ><
711 919 788 982 »pro
811 906 970 964 iactancia
992 908 1118 982 tynea«

480 989 687 1054 1402-41·
708 989 754 1052 M.
778 987 923 1051 Martini
957 989 999 1051 de
1031 985 1150 1052 Pilzna
1178 986 1360 1049 Tractatus
1391 986 1432 1048 de
1456 985 1605 1064 epistola
1635 985 1773 1049 missili.

375 1076 445 1138 »Ad
475 1076 711 1139 intendendum
742 1081 775 1138 et
803 1076 1071 1138 memorandum«
1100 1077 1133 1134 ><
1159 1074 1269 1153 »Expl
1316 1079 1472 1136 tractatus
1502 1073 1584 1154 Mgri
1606 1073 1651 1134 M.
1675 1074 1715 1134 de
1741 1073 1773 1134 P.

375 1168 516 1242 scriptus
540 1181 597 1242 per
620 1179 739 1224 manus
762 1163 904 1225 Arnesti
927 1163 969 1226 de
992 1162 1142 1242 Strasny
1164 1162 1275 1224 linitus
1299 1179 1328 1222 a.
1354 1161 1385 1223 d.
1412 1159 1494 1222 1308
1516 1165 1588 1236 (111,
1613 1160 1672 1222 sed
1696 1166 1775 1220 sunt

373 1251 580 1312 characteres
604 1266 697 1312 saec.
718 1247 798 1311 XIV
820 1249 891 1329 ex.)
915 1254 946 1312 in
971 1251 1022 1310 die
1047 1267 1073 1310 s.
1097 1246 1250 1311 Urbani«

480 1335 500 1399 1.
525 1333 687 1398 421-43·
710 1335 887 1416 Speculum
909 1335 1130 1398 confessionis
1154 1341 1186 1396 et
1208 1333 1371 1412 quaedam
1397 1333 1482 1395 dicta
1505 1351 1531 1396 s.
1555 1335 1739 1412 Augustini.

480 1422 502 1484 i.
525 1419 584 1484 431
608 1422 727 1484 Forma
749 1423 929 1485 literarum:
956 1422 1086 1484 »Frater
1109 1423 1219 1484 scribit
1241 1419 1348 1481 tratri«
1375 1425 1436 1482 etc.

480 1510 500 1570 1.
536 1511 595 1570 44·
641 1508 811 1571 Vocabula
844 1509 1132 1572 latinobohemica
1166 1501 1372 1588 (siovniiek
1404 1499 1688 1586 tatinsko-iesky'
1733 1539 1775 1551 -

371 1596 561 1675 Jungmann
583 1595 619 1670 ll,
647 1596 708 1673 16).

481 1702 566 1774 Cod.,
599 1704 648 1775 qui
680 1704 750 1759 oiim
773 1709 834 1760 erat
864 1704 980 1774 collegii
1011 1703 1145 1759 Nationis
1176 1705 1231 1760 sub
1264 1704 1339 1773 sign.
1371 1701 1406 1774 Q,
1429 1701 1470 1757 45
1495 1699 1572 1772 (Cat.
1596 1701 1718 1758 Rudnie.
1744 1717 1772 1771 p.

380 1790 463 1862 173),
487 1805 599 1849 recens.
623 1789 766 1846 Balbinus
789 1790 862 1850 Boh.
887 1792 915 1847 d.
939 1790 988 1861 111,
1016 1791 1085 1848 103.
1109 1789 1153 1845 Ex
1175 1790 1247 1848 bibl.
1271 1789 1302 1848 S.
1326 1788 1351 1848 J.
1376 1788 1566 1846 Clementina.

482 1957 581 2038 1554
931 1957 1032 2035 VIII.
1060 1959 1102 2034 E.
1130 1958 1191 2033 29.

376 2097 485 2162 chart.
508 2116 596 2161 saec.
620 2093 742 2161 XVIII
749 2097 798 2178 ss.
821 2100 875 2176 31,
898 2099 1033 2162 25><19
1057 2117 1120 2161 cm.
1144 2099 1161 2160 1
1187 2117 1233 2160 m.

374 2217 425 2282 De
448 2219 523 2282 vita
545 2221 763 2298 summisque
796 2221 831 2282 in
862 2237 937 2283 rem
971 2221 1162 2283 literariam
1185 2219 1320 2283 meritis
1342 2217 1509 2282 Bohuslai
1529 2215 1777 2280 Hassensteini

372 2305 430 2368 lib.
453 2307 524 2369 bar.
547 2307 735 2370 Lobcovici
763 2307 923 2386 praeside
944 2307 1018 2370 Ios.
1044 2307 1243 2384 Christoph.
1267 2306 1397 2370 Colero
1422 2356 1428 2368 .
1454 2352 1461 2368 .
1486 2353 1493 2369 .
1518 2303 1578 2366 llll
1593 2303 1665 2366 Cal.
1690 2303 1775 2365 Sex-

372 2393 454 2456 tiles
488 2410 518 2455 1.
543 2410 568 2455 1.
593 2411 621 2457 s.
648 2391 828 2457 1719...
857 2403 1010 2472 exponet
1042 2393 1085 2456 M.
1118 2393 1222 2456 Henr.
1255 2394 1414 2456 Andreas
1443 2389 1606 2469 71111111
1633 2390 1777 2454 Barutla

647 2480 750 2542 Saxo.
773 2479 1017 2560 vitembergae
1039 2497 1085 2544 ex
1108 2479 1250 2544 officina
1272 2479 1497 2543 Gerdesiana.

374 2583 638 2664 (Apographum
660 2584 738 2646 iibri
760 2585 823 2647 sub
846 2585 965 2646 eodem
989 2587 1078 2646 titulo
1100 2584 1276 2662 impressi.
1308 2588 1362 2662 qui
1386 2589 1418 2645 in
1441 2583 1639 2645 bibliotheca
1660 2587 1778 2644 nostra

765 2677 956 2732 asservatur
978 2673 1041 2732 sub
1066 2675 1149 2750 sign.
1173 2672 1225 2732 45.
1249 2670 1285 2732 Ε.
1309 2670 1376 2746 50.)

480 2841 575 2924 1555
813 2841 919 2918 VIII.
946 2843 986 2918 F.
1014 2843 1049 2918 1.
1077 2858 1122 2922 (Y.
1141 2859 1177 2910 11.
1195 2861 1220 2910 5.
1239 2858 1334 2921 aas.)

372 2983 480 3045 chart.
502 2999 590 3046 saec.
612 2980 867 3061 XIV—XVfs.
890 2981 963 3059 117,
986 2982 1131 3044 22><15
1150 2999 1213 3043 cm.
1237 2981 1269 3044 d.
1292 2999 1337 3044 m.

484 3103 506 3165 i.
535 3102 673 3167 12-39·
695 3103 850 3184 (anepigr.)
873 3103 1048 3166 Iohannis
1071 3103 1194 3166 Wiclii
1213 3103 1316 3166 Liber
1338 3103 1381 3165 de
1395 3102 1664 3165 universalibus.
1692 3106 1778 3178 (Post

373 3193 530 3264 registrum
554 3210 618 3265 cap.
654 3189 684 3268 1)
709 3191 943 3270 »lnpugnando
967 3207 1093 3251 errores
1117 3194 1203 3252 circa
1225 3191 1441 3252 universalia«
1467 3192 1500 3250 ><
1526 3205 1775 3269 »aggressurus

372 3277 466 3355 Expl.
490 3277 542 3338 lib.
567 3277 608 3337 de
631 3281 793 3340 univers«

482 3380 503 3442 l.
527 3377 687 3441 39⁶-53l
710 3383 876 3456 (anepigr.).
899 3379 1065 3442 Eiusdem
1095 3379 1197 3442 Liber
1220 3380 1262 3441 de
1286 3379 1433 3442 materia
1456 3384 1491 3442 11
1512 3379 1635 3443 forma.
1672 3376 1777 3440 »Cum

374 3470 509 3530 materia
532 3471 564 3527 et
586 3465 708 3528 forma«
737 3471 767 3524 ><
795 3469 953 3548 »aliquam
977 3471 1162 3528 essenciam
1186 3473 1292 3546 preter
1315 3467 1423 3541 deum,
1447 3471 1501 3546 qui
1525 3472 1567 3530 sit
1582 3466 1777 3528 benedictus

374 3558 407 3617 in
432 3571 459 3616 s,
484 3570 510 3616 s.
534 3552 675 3634 Explicit
696 3557 816 3616 veritas
840 3555 880 3616 de
904 3558 1040 3615 materia
1062 3559 1095 3614 et
1117 3553 1250 3616 forma«

483 3658 504 3719 i.
528 3652 689 3718 531-731
713 3657 871 3736 (anepigr.)
893 3655 1060 3720 Eiusdem
1075 3657 1257 3719 Tractatus
1274 3658 1316 3720 de
1329 3656 1583 3736 compositione
1608 3655 1776 3719 hominis.

375 3743 471 3807 »Tn'a
494 3751 630 3806 monent
662 3761 714 3805 me
746 3750 899 3806 tractare«
926 3745 958 3802 ><
985 3750 1036 3804 »et
1058 3745 1132 3806 alibi
1157 3748 1238 3804 satis
1262 3761 1352 3823 sepe.
1375 3743 1417 3806 Et
1439 3748 1486 3806 sic
1509 3751 1561 3805 est
1583 3743 1658 3806 linis
1683 3749 1775 3804 traci.

375 3832 415 3893 de
440 3835 714 3910 composicione«

482 3935 504 3998 1.
528 3931 691 3997 731-87ει
715 3939 871 4010 (anepigr.)
893 3933 1059 3997 Eiusdem
1083 3933 1269 3996 'tractatus
1292 3935 1335 3996 de
1357 3933 1456 3996 ideis.
1497 3930 1702 3996 »Tractando
1734 3933 1777 3996 de

373 4022 488 4102 ydeis«
513 4023 547 4082 ><
574 4022 712 4102 »ydeam
736 4026 897 4102 propriam
921 4025 954 4083 in
978 4022 1050 4083 deo.
1077 4020 1118 4082 Et
1140 4025 1188 4082 sic
1211 4027 1300 4100 patet
1323 4027 1479 4083 tractatus
1503 4019 1544 4082 de
1566 4021 1694 4100 ydeis«

482 4107 503 4170 1.
528 4107 894 4184 87⁸-113⁸(anepigr.)
917 4107 1083 4170 Eiusdem
1107 4106 1290 4170 Tractatus
1321 4108 1363 4170 de
1391 4113 1559 4186 tempore.
1590 4109 1674 4181 (Post
1702 4113 1778 4183 regi·

374 4197 499 4270 strum:)
535 4195 589 4258 »ln
620 4195 789 4256 tractando
823 4195 864 4255 de
898 4201 1064 4274 tempore«
1090 4195 1123 4254 ><
1151 4197 1333 4256 »oracionis
1357 4193 1558 4274 suffragium.
1589 4193 1631 4256 Et
1653 4199 1700 4256 sic
1724 4203 1778 4256 est

374 4280 450 4342 finis
473 4287 564 4344 tract.
589 4281 631 4342 de
653 4287 829 4360 tempore«

483 4367 503 4430 i.
545 4363 742 4430 1131-117b
772 4366 876 4429 Notae
910 4371 1018 4428 variae
1061 4365 1317 4446 philosophicae,
1356 4371 1439 4428 inter
1474 4383 1562 4447 quas
1601 4373 1778 4430 occurrunt

374 4453 395 4517 l.
425 4455 500 4516 114ιι
522 4463 620 4516 notae
643 4455 686 4516 ad
708 4472 738 4516 a.
766 4453 848 4516 1410
870 4459 902 4516 et
929 4455 1005 4517 1411
1034 4460 1065 4516 et
1087 4455 1331 4516 universitatem
1355 4453 1552 4532 Pragensem
1576 4459 1777 4534 spectantes,

375 4557 459 4622 quae
483 4546 592 4604 tamen
616 4545 753 4622 propriis
776 4542 964 4603 nominibus
981 4541 1085 4602 erasis
1101 4542 1265 4603 obscurae
1282 4546 1367 4602 sunt.
1385 4539 1494 4616 (Liber
1509 4546 1586 4602 tunc
1602 4541 1775 4602 cuiusdam

376 4629 546 4690 baccalan'i
577 4627 680 4690 luisse
710 4629 846 4703 videtur,
879 4631 934 4708 qui
966 4629 1270 4689 determinationem
1303 4644 1397 4689 suam
1422 4628 1484 4688 sub
1507 4625 1550 4687 M.
1575 4625 1709 4690 Simone
1733 4627 1775 4688 de

374 4713 532 4777 Tissnow
555 4718 747 4791 annotavit.)

482 4805 516 4862 ln
539 4805 588 4862 111.
612 4806 772 4877 praeligato
795 4804 940 4876 opuscula
962 4805 1063 4860 codice
1087 4810 1226 4860 contenta
1248 4803 1288 4860 M.
1312 4803 1440 4860 Johanni
1463 4802 1570 4860 wicht
1589 4819 1679 4860 manu
1696 4819 1775 4862 saec.

375 4889 431 4947 XV
453 4892 494 4950 in.
521 4895 728 4950 attribuuntur.
759 4890 869 4946 Codice
898 4891 955 4946 hoc
975 4905 1048 4946 usus
1071 4897 1116 4946 est
1138 4891 1170 4946 R.
1195 4889 1268 4945 Beer
1289 4892 1320 4946 in
1343 4892 1412 4948 edit.
1440 4892 1493 4946 »de
1516 4905 1649 4964 compos.
1673 4891 1773 4948 hom«

374 4978 499 5034 London
527 4979 616 5035 1884.
641 4978 794 5050 Operculis
818 4978 948 5049 adligata
970 4985 1039 5033 sunt
1062 4977 1224 5047 fragmenta
1247 4979 1366 5033 membr.
1391 4979 1503 5034 codicis
1525 4980 1680 5034 cuiusdam
1695 4993 1775 5037 saec.

375 5063 444 5120 XIV
466 5067 621 5122 tractantis
644 5066 680 5120 de
703 5065 863 5137 lapidibus.
887 5065 980 5120 Vetus
1004 5066 1080 5136 sign.
1104 5064 1140 5121 A.
1166 5066 1195 5122 7.

1048 5284 1100 5335 574
