3974 6014
383 571 440 622 xvi

381 797 512 842 summo
548 797 645 859 opere
676 773 924 858 expetiveratffl)
958 781 1140 856 nuperrime
1174 783 1282 838 autem
1315 776 1364 838 vir
1393 778 1596 838 clarissimus
1619 777 1683 840 Jar.
1706 776 1778 840 Goll

381 889 562 964 impensius
596 877 810 962 exoptavitffl),
845 888 881 944 ut
903 899 1017 944 omnes
1039 881 1170 942 codices
1205 884 1389 942 accuratius
1424 881 1692 949 describerentur,
1727 899 1779 944 se·

380 989 525 1052 cundum
550 995 704 1050 eventum
736 993 906 1065 propterea
936 990 1143 1065 potissimum
1167 986 1222 1046 diu
1245 1001 1312 1047 non
1336 985 1458 1058 habuit,
1488 985 1579 1063 quod
1601 986 1644 1046 ad
1668 987 1779 1048 ultima

380 1110 485 1172 usque
510 1099 657 1170 tempora
680 1091 873 1152 bibliotheca
895 1095 1008 1151 nostra
1030 1089 1216 1151 officialium
1240 1094 1375 1169 penuria
1397 1089 1573 1152 laborabat.
1598 1088 1696 1168 Quod
1719 1094 1780 1150 im·

381 1197 604 1276 pedimentum
628 1212 703 1256 cum
727 1195 859 1256 tandem
883 1194 1075 1255 doctissimo
1100 1192 1189 1258 Rich.
1212 1192 1352 1270 Kulrula,
1376 1197 1431 1272 qui
1455 1193 1667 1254 bibliothecae
1691 1210 1778 1255 nunc

380 1305 517 1379 praeest,
549 1302 764 1378 prospiciente
788 1303 819 1359 et
841 1315 869 1362 c.
893 1315 916 1358 r.
941 1301 1118 1359 ministerio
1141 1297 1331 1359 eruditionis
1362 1298 1510 1375 publicae
1541 1301 1710 1375 suppetias
1734 1297 1779 1358 i·

380 1410 468 1466 rente
491 1409 656 1482 utcunque
680 1407 868 1480 superatum
893 1407 992 1474 esset,
1023 1402 1098 1462 huic
1122 1417 1242 1480 magno
1265 1407 1298 1462 et
1320 1403 1443 1462 tamdiu
1474 1400 1659 1462 desiderato
1690 1406 1779 1480 operi

379 1511 506 1570 licentia
539 1507 672 1568 obtenta
694 1523 723 1568 a.
752 1505 831 1567 1897
856 1510 959 1566 totum
994 1522 1046 1566 me
1080 1505 1205 1566 tradidi.
1244 1505 1374 1566 innisus
1397 1506 1448 1580 lia,
1483 1521 1567 1585 quae
1597 1505 1655 1566 viri
1679 1523 1779 1585 supra

379 1611 498 1672 laudati
534 1613 812 1689 praeparaverant,
847 1615 879 1670 et
901 1609 1002 1670 fretus
1037 1610 1244 1683 adminiculo
1279 1608 1367 1686 quod
1398 1609 1496 1670 huius
1526 1613 1571 1670 rel
1594 1613 1778 1688 peritissimi

379 1719 530 1776 auctores
556 1706 858 1794 suppeditabant‚³²)
882 1719 957 1792 post
979 1713 1121 1774 laborem
1147 1717 1272 1791 septem
1299 1729 1461 1774 annorum
1483 1713 1571 1775 hunc
1594 1717 1778 1792 catalogum

379 1819 530 1880 codicum
555 1819 726 1880 latinorum
751 1818 965 1879 bibliothecae
988 1814 1209 1878 Clementinae
1235 1815 1372 1877 conieci.
1402 1857 1405 1865 -

483 2334 532 2396 De
556 2339 654 2397 totius
678 2340 785 2414 operis
808 2340 931 2396 ratione
955 2337 1037 2396 haec
1063 2336 1201 2398 breviter
1223 2341 1301 2396 sunt
1324 2338 1576 2414 praemonenda.
1616 2337 1651 2398 ln
1676 2337 1779 2400 fronte

379 2442 637 2518 uniuscuiusque
663 2439 894 2518 descriptionis
918 2440 1048 2518 ponitur
1061 2443 1236 2516 signatura,
1261 2455 1345 2518 quae
1369 2438 1465 2500 hodie
1488 2441 1582 2512 valet,
1606 2457 1705 2520 quam
1730 2457 1779 2502 se·

378 2545 485 2620 quitur
507 2543 636 2603 uncinis
660 2543 788 2604 inclusa
811 2543 980 2622 signatura
1002 2548 1098 2603 vetus
1122 2557 1235 2602 eorum
1260 2542 1421 2612 codicum,
1446 2547 1499 2621 qul
1523 2561 1564 2606 ex
1587 2545 1781 2606 bibliotheca

378 2641 411 2706 S.
435 2644 461 2706 J.
487 2643 694 2708 Clementina
716 2652 747 2707 et
777 2645 851 2707 ideo
882 2650 1059 2706 maximam
1097 2651 1220 2724 partem
1245 2663 1262 2705 e
1287 2650 1429 2724 pristinis
1462 2652 1681 2709 universitatis
1715 2651 1779 2709 col·

378 2751 469 2826 legiis
506 2755 735 2828 provenerunt.
781 2747 972 2828 Signaturas
995 2767 1016 2808 a
1047 2753 1178 2812 sinistra
1209 2749 1409 2829 praecedunt
1441 2753 1659 2814 crassioribus
1693 2757 1779 2832 typis

486 2917 526 2999 3ο)
550 2925 581 2983 L.
607 2943 632 2984 c.
661 2925 737 2982 148:
775 2925 870 2982 »Dass
906 2927 996 2982 daher
1030 2926 1094 2982 eine
1129 2925 1298 2996 griindliche
1322 2927 1458 2984 Revision
1481 2929 1533 2983 der
1554 2927 1779 2984 Handschriiten

378 3015 438 3073 und
461 3018 525 3068 elne
550 3013 765 3084 berichtlgende
787 3013 1000 3082 Umarbeitung
1021 3012 1098 3068 ihres
1114 3012 1256 3083 Katalogs
1280 3013 1448 3092 dringende,
1472 3015 1694 3071 unabweisbare
1711 3013 1780 3072 Not·

377 3099 554 3170 wendigkeit
577 3103 626 3172 ist,
650 3099 722 3155 wird
745 3100 824 3155 wohl
848 3098 991 3155 Niemand
1013 3102 1044 3155 in
1067 3097 1184 3154 Zweilel
1206 3101 1337 3157 alehem«

484 3195 525 3274 ³¹)
548 3203 731 3259 Athenaeum
758 3203 838 3260 1886
862 3220 890 3274 p.
919 3203 987 3260 181.

485 3297 524 3382 82)
549 3305 675 3377 Magnae
698 3307 816 3362 utilitati
839 3307 908 3362 mihi
933 3307 1049 3362 inerunt
1070 3306 1101 3362 hi
1124 3308 1266 3378 catalogi:
1290 3308 1425 3378 Bandlni,
1448 3308 1523 3381 Ang.
1540 3307 1591 3380 M„
1619 3308 1779 3382 Catalogus

378 3397 514 3454 codicum
538 3393 699 3450 latinorum
733 3393 926 3452 bibliothecae
949 3393 1098 3452 Mediceae
1122 3393 1343 3456 Laurentianae.
1381 3395 1463 3454 Tom.
1487 3394 1579 3452 I-V.
1615 3395 1779 3454 Florentiae

382 3480 561 3539 1774-78.

488 3567 649 3638 catalogus
684 3567 817 3621 codicum
842 3565 1000 3622 latinorum
1029 3567 1222 3622 bibliothecae
1245 3567 1341 3638 regiae
1364 3567 1561 3627 Monacensis.
1596 3567 1678 3627 Tom.
1702 3569 1725 3638 1,
1749 3587 1777 3642 p.

382 3655 480 3722 1-33
507 3653 541 3721 11,
566 3670 593 3724 p.
624 3653 713 3710 1-4.
737 3651 887 3709 Monachil
915 3653 1135 3710 1888-1881.

487 3740 610 3812 chemy,
635 3741 713 3809 Alb,
737 3738 789 3796 Die
813 3739 1040 3796 Handschrilten
1056 3741 1107 3795 der
1122 3737 1370 3796 Stiltsbibliothek
1385 3739 1428 3797 St.
1443 3739 1570 3798 Florian.
1594 3741 1666 3800 Linz
1686 3743 1776 3800 1871.

486 3823 594 3893 Dudilr‚
619 3826 667 3883 Dr.
691 3825 736 3893 Β.,
758 3824 815 3881 Iter
837 3825 1010 3883 Romanum.
1033 3825 1054 3883 1.
1078 3843 1106 3884 u.
1130 3825 1166 3885 11.
1189 3826 1241 3885 Th.
1266 3825 1355 3884 Wien
1382 3828 1473 3886 1855.

489 3911 597 3981 Dudlk,
620 3911 669 3969 Dr.
693 3910 737 3981 Β.,
760 3911 985 3970 Handschriiten
1016 3914 1067 3968 der
1089 3912 1182 3972 liirstl.
1214 3913 1510 3972 Dietrichsteinschen
1543 3913 1710 3974 Bibliothek
1742 3932 1779 3972 zu

379 4000 570 4070 Nikolsburg.
595 3998 684 4054 Wien
713 3998 802 4058 1868.

486 4085 575 4157 Htibl,
606 4084 654 4142 Dr.
679 4085 757 4154 Alb,
792 4085 952 4156 catalogus
987 4087 1122 4141 codicum
1156 4101 1245 4142 manu
1269 4087 1452 4158 scriptorum,
1475 4092 1525 4160 qul
1548 4091 1578 4144 in
1602 4089 1779 4146 bibliotheca

379 4175 548 4230 monasterii
571 4175 608 4228 ad
633 4171 738 4228 Scotos
761 4173 956 4228 vindobonae
981 4179 1142 4229 servantur.
1166 4173 1363 4229 Vindobonae
1386 4179 1413 4229 et
1435 4174 1550 4246 Lipsiae
1577 4177 1668 4234 1889.

487 4257 586 4328 Meier,
611 4257 695 4328 Gab.‚
721 4257 880 4330 Catalogus
904 4260 1039 4314 codicum
1063 4275 1151 4314 manu
1175 4259 1358 4331 scriptorum,
1391 4263 1440 4331 qui
1464 4263 1492 4317 in
1517 4263 1694 4318 bibliotheca
1716 4279 1776 4319 mo·

379 4345 498 4403 nasterii
522 4343 699 4401 Einsidlensi
724 4351 888 4402 servantur.
912 4344 984 4401 Tom
1007 4345 1027 4402 1.
1053 4343 1201 4402 Einsidlae
1225 4353 1253 4401 et
1275 4345 1390 4420 Lipsiae
1418 4347 1508 4406 1899.

488 4431 608 4502 Schum‚
632 4431 680 4490 Dr.
705 4431 807 4500 wilh,
831 4431 1078 4488 Beschreibendes
1095 4427 1303 4490 Verzelchniss
1318 4435 1369 4490 der
1383 4434 1664 4506 Amplonianischen
1679 4434 1778 4491 Hand·

382 4517 713 4589 schriltensammlung
734 4520 764 4574 in
788 4517 892 4578 Erfurt.
916 4517 1012 4574 Berlin
1040 4519 1130 4575 1887.

488 4604 618 4661 Tabulae
649 4605 783 4661 codicum
817 4621 907 4661 manu
941 4608 1114 4676 scriptorum
1137 4607 1167 4660 in
1191 4606 1368 4662 bibliotheca
1400 4608 1531 4679 palatina
1553 4607 1778 4664 vindobonensi

383 4697 610 4752 asservatorum.
635 4691 701 4749 Vol.
730 4692 821 4753 1-8.
844 4693 1039 4748 Vindobonae
1067 4692 1286 4752 1864-1893.

488 4775 648 4849 Wislocki‚
683 4778 732 4838 Dr.
756 4777 869 4847 Wlad„
904 4778 1064 4849 Catalogus
1099 4781 1236 4835 codicum
1266 4781 1552 4852 manuscriptorum
1583 4782 1777 4838 bibliothecae

378 4864 579 4922 universitatis
603 4865 811 4936 Jagellonicae.
836 4865 997 4922 Cracoviae
1024 4867 1245 4922 1877-1881.

487 4948 583 5008 Xenia
618 4951 805 5008 Bernardina.
840 4953 909 5008 Pars
933 4951 966 5010 ll.
1003 4951 1475 5012 Handschritten-Verzeichnisse.
1514 4957 1525 5010 1
1554 4959 1581 5012 et
1606 4957 1632 5013 2.
1653 4954 1777 5012 ·Vindo-

379 5041 474 5094 borrae
505 5039 596 5098 1891.
