3974 6014
1611 563 1646 616 XI

246 781 336 843 dices
358 785 392 842 in
416 797 539 842 novum
563 780 710 865 ordinem
742 779 909 858 redegisse
944 777 1130 856 Leopoldus
1164 773 1385 838 Scherschnik
1419 777 1555 850 videtur,
1590 780 1645 856 qui

245 883 282 950 C.
306 884 350 946 M.
375 882 524 958 Charuel‚
556 881 590 947 S.
625 883 652 944 J.
685 884 854 962 quondam
889 882 1177 954 bibliothecarium,
1210 887 1325 959 postea
1358 883 1498 958 primum
1533 881 1644 942 biblio-

245 991 360 1050 thecae
383 989 531 1067 publicae
555 987 765 1066 praelectum,
790 987 865 1048 inde
881 987 923 1048 ab
945 1003 974 1050 a.
996 985 1125 1046 1114111
1142 985 1240 1046 rebus
1262 985 1399 1063 agendis
1415 979 1644 1062 adiuvabatffl),

246 1109 446 1172 quamquam
469 1097 536 1154 veri
560 1093 756 1155 simillimum
781 1097 832 1152 est
854 1091 996 1154 eundem
1019 1094 1083 1151 iam
1099 1095 1196 1152 antea
1211 1091 1438 1150 historicorum
1463 1088 1645 1150 studiorum

246 1212 349 1258 causa
370 1200 402 1258 in
426 1197 621 1259 bibliotheca
643 1194 846 1258 Clementina
869 1194 1040 1256 codicibus
1070 1193 1265 1272 indagandis
1289 1209 1422 1272 operam
1446 1192 1588 1264 dedisse,
1613 1192 1645 1253 id

246 1301 335 1379 quod
359 1301 429 1379 ipse
461 1295 636 1380 Dobner²¹)
667 1302 718 1361 his
752 1301 861 1360 verbis
896 1303 1048 1360 testatur:
1098 1295 1337 1360 »Scherschnilr
1368 1296 1515 1358 omnium
1546 1312 1646 1358 manu

247 1409 438 1483 scriptorum
472 1406 686 1466 bibliothecae
717 1403 938 1466 Clementinae
977 1407 1165 1464 accuratum
1201 1401 1385 1478 catalogum
1420 1403 1643 1478 conscripsit«

248 1507 502 1572 Scherschnikio
526 1514 629 1588 igitur,
655 1526 855 1590 quamquam
871 1513 935 1571 iarn
959 1527 987 1570 a.
1009 1507 1090 1568 1776
1106 1507 1209 1584 Praga
1224 1507 1310 1576 abiit,
1335 1504 1471 1566 debetur
1493 1507 1645 1567 codicum

247 1629 346 1674 manu
380 1617 574 1692 scriptorum
598 1615 777 1692 catalogus,
812 1617 906 1674 cuius
930 1613 1096 1691 exemplar
1124 1630 1152 1676 a.
1189 1612 1265 1675 1781
1304 1612 1502 1692 descriptum
1537 1609 1645 1670 adhuc

247 1723 363 1778 exstat.
387 1717 422 1780 ln
446 1721 528 1778 serie
563 1721 633 1778 eius
668 1721 792 1796 passim
828 1718 949 1778 desunt
982 1721 1167 1795 signaturae
1205 1722 1393 1798 spectantes
1426 1717 1469 1778 ad
1503 1715 1646 1785 codices,

247 1837 332 1898 quos
355 1825 419 1882 iarn
444 1821 591 1882 librarius
615 1838 681 1882 non
706 1825 853 1900 repperit,
878 1825 1029 1900 quamvis
1053 1825 1149 1882 etiarn
1173 1822 1326 1882 socordia
1348 1819 1462 1882 eiusde
1473 1838 1494 1879 11
1520 1823 1645 1898 passim

246 1930 411 2002 appareat.
458 1924 489 1985 ls
512 1925 688 2004 aliquando
711 1930 777 1986 ven'
809 1932 914 1987 status
945 1929 1117 1986 immemor
1151 1925 1259 1986 titulos
1291 1925 1442 1986 codicum
1473 1923 1645 2012 scribebat,

247 2044 431 2106 quoscum
456 2034 573 2108 postea
595 2045 663 2090 non
686 2033 852 2102 inveniret,
884 2036 962 2092 nota
998 2031 1129 2091 ›deest‹
1166 2029 1347 2090 instruebat
1356 2045 1364 2102 ;
1400 2028 1459 2089 sed
1495 2043 1645 2090 nonnun-

247 2147 345 2210 quam
369 2149 427 2210 per
449 2127 646 2212 erroremY).
671 2131 848 2196 Socordiae
872 2135 987 2206 tribu0,
1011 2134 1195 2214 siquando
1219 2137 1420 2212 signaturam
1444 2136 1554 2212 posuit
1576 2135 1646 2192 sine

247 2236 336 2297 titulo
359 2238 410 2296 vel
434 2237 677 2315 signaturamm
701 2237 848 2298 ordinem
873 2242 1077 2316 permutavit.
1101 2238 1135 2300 ln
1159 2237 1304 2316 partibus
1327 2236 1425 2298 huius
1449 2236 1587 2313 catalogi
1609 2233 1647 2296 Y.

249 2339 296 2402 ΙΙΙ.
334 2339 355 2400 6
388 2347 419 2401 et
453 2340 488 2404 ll.
520 2341 539 2400 7
571 2346 681 2416 (etiarn
719 2342 783 2403 hoc
822 2341 1146 2421 hysteron-proteron
1185 2357 1418 2420 praeproperae
1451 2339 1648 2402 festinationi

246 2443 412 2518 adscribo)
434 2447 620 2524 complures
658 2449 845 2523 signaturae
868 2463 944 2507 cum
979 2447 1076 2507 titulis
1115 2447 1241 2508 calamo
1275 2445 1427 2507 inductae
1462 2449 1645 2518 occurrunt,

247 2551 302 2627 qui
326 2549 392 2609 iibri
417 2549 560 2628 proiecto
584 2549 681 2610 nobis
712 2551 843 2621 desunt,
877 2567 952 2611 011111
986 2551 1028 2611 ab
1063 2555 1143 2630 ipsis
1178 2549 1311 2612 Jesuitls
1345 2552 1647 2612 commissariorum

247 2657 410 2730 permissu
441 2654 604 2715 combusti
642 2651 758 2730 sint²³).
805 2653 963 2734 Catalogo
1000 2657 1075 2716 huic
1113 2656 1224 2717 addita
1260 2661 1312 2716 est
1345 2658 1447 2715 series
1481 2653 1645 2715 titulorum

246 2757 449 2836 alphabetica
472 2759 634 2820 mendosa
656 2767 688 2820 et
711 2764 842 2821 minime
866 2761 1000 2839 integra.

350 2914 402 2974 Ad
426 2915 558 2975 codices
581 2931 682 2978 manu
716 2919 855 2994 scriptos
889 2921 1070 2978 ceterorum
1106 2913 1139 2977 S.
1170 2915 1197 2978 J.
1233 2916 1440 2994 collegiorum
1475 2915 1645 2992 catalogus

250 3017 392 3079 hicnon
417 3027 553 3098 spectat,
587 3021 834 3099 comprehendit
866 3027 974 3082 autern
1010 3020 1143 3082 codices
1178 3021 1390 3082 bibliothecae
1425 3017 1646 3083 Clementinae

248 3125 393 3198 1111110115,
425 3127 456 3186 111
488 3141 553 3203 qua
587 3131 798 3185 asseverante
833 3123 1003 3186 Hanslikio
1037 3125 1106 3186 libri
1139 3129 1257 3186 veteris
1291 3123 1417 3203 collegii
1451 3121 1592 3187 Carolini
1616 3127 1648 3182 et

247 3231 435 3288 monasterii
459 3226 648 3306 Ojvinensis
672 3230 747 3290 olim
772 3231 1034 3290 asservabantur.
1072 3229 1147 3290 ldeo
1179 3231 1290 3290 titulus
1325 3229 1404 3290 libro
1428 3245 1458 3288 a.
1487 3226 1562 3288 1781
1600 3230 1646 3286 111-

247 3335 388 3409 scriptus
412 3348 479 3392 non
503 3332 610 3393 iustus
634 3339 701 3406 est;
737 3351 814 3394 nam
838 3339 907 3394 tum
932 3333 1127 3396 bibliotheca
1149 3339 1262 3395 nostra
1285 3333 1393 3412 plures
1424 3332 1556 3393 codices
1588 3331 1648 3391 ha·

246 3435 353 3508 bebat,
378 3452 476 3514 quam
501 3437 543 3496 ibi
566 3436 804 3500 describuntur.
850 3435 948 3517 Quod
971 3438 1035 3498 hoc
1059 3438 1158 3498 modo
1190 3437 1420 3516 explicandum
1450 3452 1526 3496 esse
1557 3440 1646 3513 puto,

245 3536 330 3601 Cum
362 3543 395 3601 in
433 3541 636 3602 bibliothecis
675 3547 855 3602 ceterorum
887 3539 919 3603 S.
953 3540 979 3603 J.
1010 3542 1218 3619 collegiorum
1249 3547 1281 3602 et
1310 3545 1343 3603 in
1373 3557 1460 3602 nova
1497 3537 1648 3602 Carolina

247 3648 342 3722 pauci
365 3644 435 3704 libri
458 3661 558 3706 manu
583 3649 691 3723 scripti
716 3646 803 3706 libris
827 3650 961 3706 excusis
984 3649 1156 3706 intermixti
1172 3649 1328 3722 inessent,
1352 3643 1509 3706 officiales
1533 3643 1647 3704 biblio-

246 3747 360 3808 thecae
384 3748 532 3826 publicae
556 3766 660 3828 nuper
682 3754 880 3810 instauratae
903 3767 932 3813 a.
960 3749 1037 3811 1781
1072 3751 1104 3811 hi
1127 3751 1260 3812 codices
1283 3753 1437 3828 incogniti
1460 3749 1648 3827 aliquantis·

247 3867 305 3928 per
334 3851 495 3922 latebant;
531 3857 585 3929 qui
609 3859 786 3932 postquam
811 3857 926 3932 reperti
950 3859 1039 3928 sunt,
1073 3857 1150 3931 quia
1172 3854 1294 3915 interea
1323 3853 1565 3916 confluentibus
1589 3868 1647 3914 un·

247 3955 345 4032 dique
368 3972 386 4014 e
410 3961 618 4017 monasteriis
642 3957 771 4018 abolitis
805 3957 974 4018 codicibus
998 3961 1094 4018 novis
1125 3959 1295 4036 catalogus
1327 3955 1647 4020 Scherschnikianus

247 4060 365 4120 inutilis
389 4075 465 4119 esse
488 4061 669 4137 videbatur,
693 4065 724 4123 in
748 4079 788 4122 eo
812 4078 878 4122 non
903 4068 981 4124 sunt
1003 4063 1147 4142 inscripti
1170 4064 1229 4123 sed
1246 4065 1391 4141 sepositi,
1416 4062 1521 4122 donec
1539 4074 1647 4120 novus

246 4164 416 4242 catalogus
451 4171 626 4243 pararetur.
672 4164 865 4228 Referuntur
898 4173 1008 4228 autem
1043 4165 1342 4230 Scherschnikiano
1377 4165 1526 4243 catalogo
1566 4163 1646 4225 1337

246 4272 382 4342 1111111011,
406 4285 447 4330 ex
471 4270 591 4347 quibus
616 4273 643 4330 si
668 4271 851 4349 dempseris
883 4270 926 4332 89
956 4277 1013 4334 aut
1047 4275 1297 4352 praetermissos
1330 4276 1387 4332 aut
1409 4287 1437 4332 a.
1467 4269 1543 4332 1781
1582 4269 1646 4330 iam

382 4548 594 4626 >wammeh
619 4552 715 4624 Biogr.
742 4553 808 4609 Lex.
832 4552 937 4625 XXIX,
963 4556 1033 4612 220.

370 4649 393 4730 ¹)
417 4657 543 4728 Dobner,
567 4657 698 4714 Monum.
722 4658 772 4727 IV,
798 4661 825 4716 2.

382 4761 394 4834 l

417 4761 471 4822 Ex.
496 4779 537 4832 gr.
561 4763 745 4820 desideratus
769 4765 864 4820 abeo
888 4767 982 4820 codex
1004 4764 1039 4820 Y.
1063 4763 1085 4822 1.
1113 4766 1138 4822 l.
1163 4781 1190 4822 n.
1216 4765 1257 4820 96
1281 4764 1404 4818 habetur
1427 4763 1505 4833 apud
1521 4776 1575 4816 nos
1592 4761 1648 4815 sub

246 4848 324 4917 sign.
348 4848 385 4904 Y.
409 4848 439 4907 F.
468 4851 523 4916 16;
557 4849 592 4904 Y.
617 4847 639 4907 1.
667 4851 746 4907 1,11.
775 4853 833 4908 127
859 4853 914 4907 sub
938 4850 1013 4910 Vlll.
1037 4851 1072 4908 H.
1097 4852 1154 4916 76;
1190 4851 1224 4908 Y.
1248 4851 1269 4908 1.
1296 4851 1325 4908 3.
1349 4865 1378 4906 n.
1403 4849 1442 4905 29
1476 4850 1531 4904 sub
1554 4847 1590 4902 V.
1616 4847 1648 4906 B.

248 4934 284 5004 3;
308 4933 342 4989 Y.
366 4935 388 4992 1.
413 4937 442 5000 4,
467 4955 495 4998 n,
521 4937 560 4994 83
586 4937 641 4992 sub
665 4937 712 4994 lll.
737 4937 770 4996 B.
797 4939 847 4996 21.

355 5031 394 5114 23)
417 5041 543 5098 Hanslik
565 5041 584 5096 l.
609 5059 635 5099 0.
664 5043 714 5101 69.
