3974 6014
1569 563 1604 615 lX

205 787 426 848 agnoscemus
450 773 590 854 pristini
619 773 775 836 thesauri
802 773 971 836 librorum
1002 792 1110 838 mama
1131 777 1345 858 sorabtorum,
1377 776 1499 856 quibus
1521 775 1603 836 otim

202 873 435 936 universitatis
456 876 597 956 collegia
616 877 868 958 gloriabantur,
891 882 1055 957 quartam
1076 883 1205 942 tantum
1222 883 1358 961 partem
1378 883 1558 961 separasse.

307 981 351 1041 At
372 981 529 1042 darnnum
552 982 616 1042 hoc
632 985 705 1060 quis
721 983 819 1043 nobis
837 982 962 1044 intulit?
984 983 1095 1046 Patres
1114 983 1148 1047 S.
1163 985 1190 1049 J.
1213 990 1246 1046 in
1262 989 1424 1064 propriam
1448 984 1601 1044 librorum

205 1084 435 1162 supellectilem
459 1091 525 1146 tam
548 1085 759 1148 vehementer
781 1091 952 1161 saeviisse,
976 1095 1012 1149 ut
1035 1093 1081 1150 tot
1110 1089 1243 1150 codices
1274 1104 1375 1150 manu
1407 1091 1516 1166 scripti
1549 1087 1603 1147 de·

204 1191 364 1266 perierint,
387 1206 449 1250 nec
471 1194 594 1252 ratione
617 1207 679 1252 nec
702 1190 909 1252 documentis
940 1193 1111 1270 probatur;
1146 1199 1259 1255 contra
1288 1196 1383 1254 certis
1414 1192 1603 1253 auctoribus

204 1297 425 1371 comperimus
460 1311 519 1355 eos
552 1311 684 1356 summa
717 1310 792 1355 cum
826 1295 992 1373 voluptate
1027 1297 1254 1358 combussisse
1288 1297 1470 1357 haereticos
1504 1295 1604 1356 libros

204 1397 340 1470 alienos
364 1400 396 1458 in
419 1401 555 1476 propriis
578 1403 687 1459 autem
711 1399 890 1460 eorundem
923 1401 1163 1479 exemplaribus
1193 1398 1405 1461 asservandis
1437 1415 1603 1459 summam

204 1516 317 1561 curam
347 1501 547 1562 adhibuisse.
593 1501 633 1564 Et
665 1501 810 1581 protecto
845 1519 887 1564 ex
922 1520 1035 1564 eorum
1069 1507 1215 1583 ipsorum
1251 1503 1452 1564 bibliothecis
1486 1507 1602 1564 mirum

80 1691 88 1704 .
204 1609 328 1683 quanta
361 1609 456 1684 copia
486 1621 622 1685 operum
655 1605 785 1681 Wiclifi,
819 1605 933 1682 Hussi,
968 1606 1122 1670 Jacobelli
1154 1609 1198 1670 ad
1232 1624 1295 1669 nos
1329 1606 1490 1686 pervenit!
1537 1605 1604 1667 Sed

204 1711 329 1786 priores
353 1709 616 1772 bibliothecarum
652 1727 867 1788 possessores
890 1717 922 1772 et
945 1717 1171 1790 procuratores
1194 1729 1294 1791 quam
1324 1715 1413 1790 parvi
1447 1713 1605 1772 aestima·

204 1815 309 1874 verint
331 1813 429 1873 libros
452 1829 553 1874 manu
576 1817 725 1893 scriptos
760 1815 868 1876 multis
900 1819 1093 1876 testimoniis
1127 1813 1346 1879 confirmatur.
1391 1814 1461 1876 lam
1485 1812 1604 1874 Rudni-

204 1920 296 1976 censi
320 1917 478 1994 catalogo,
503 1920 556 1996 qui
579 1917 621 1978 ad
646 1917 786 1978 duorum
818 1923 942 1979 tantum
973 1919 1182 1996 collegiorum
1217 1919 1429 1980 bibliothecas
1465 1922 1602 1996 spectat,

205 2020 383 2082 edocemur
405 2025 491 2082 circa
513 2038 541 2083 a.
570 2021 645 2084 1461
685 2023 805 2082 multos
840 2022 940 2084 libros
974 2023 1169 2101 deperiisse;
1204 2038 1303 2102 quam
1340 2023 1424 2082 male
1459 2025 1604 2098 magistri

204 2126 267 2202 ipsi
290 2123 464 2184 thesauros
487 2125 654 2185 litterarios
678 2127 869 2196 curaverint,
895 2125 945 2185 his
969 2125 1128 2204 exemplis
1152 2125 1319 2203 detegitur.
1356 2123 1441 2188 Cum
1464 2143 1494 2186 a.
1522 2125 1604 2185 1434

205 2244 345 2289 necesse
369 2233 446 2300 erat,
470 2233 506 2288 ut
527 2227 652 2305 collegii
675 2225 816 2291 Carolini
840 2229 1035 2290 bibliotheca
1057 2229 1167 2291 denuo
1191 2229 1402 2300 ordinaretur,
1434 2230 1605 2291 studiosus

205 2332 339 2410 quidam
364 2329 478 2393 Simon
501 2327 722 2402 Modidlensis
747 2335 801 2410 qui
826 2336 974 2410 sequenti
997 2350 1085 2395 anno
1108 2334 1278 2394 baccalarii
1300 2335 1439 2412 gradum
1465 2334 1605 2412 adeptus

206 2441 267 2509 est,
291 2436 435 2496 laborem
459 2435 546 2496 hunc
571 2436 668 2496 subiit
691 2441 723 2497 et
748 2443 842 2515 »post
865 2438 974 2516 plures
998 2443 1218 2516 septimanas«
1246 2439 1387 2519 perfecit.
1422 2437 1517 2498 Fisco
1542 2453 1605 2498 suo

207 2545 380 2618 parcentes
403 2543 547 2618 magistri
586 2547 680 2602 »tunc
704 2547 896 2620 praesentes
920 2546 952 2604 in
975 2544 1130 2621 collegio«
1164 2545 1205 2604 illi
1229 2544 1378 2606 studioso
1414 2559 1471 2621 pro
1505 2545 1605 2620 pretio

207 2644 355 2704 codicem
382 2642 464 2704 1826
487 2643 661 2723 (Alphonsi
685 2648 769 2723 regis
793 2646 920 2707 tabulas
944 2653 976 2708 et
997 2647 1059 2708 alia
1082 2649 1241 2725 opuscula
1262 2650 1483 2708 astronomica
1505 2649 1605 2706 conti·

207 2752 353 2820 nentem)
379 2763 504 2827 »usque
527 2748 570 2809 ad
593 2749 664 2810 dies
697 2753 800 2810 vitae«
838 2750 1008 2826 dederunt,
1043 2755 1133 2812 utin
1167 2752 1319 2830 operculo
1354 2751 1502 2812 eiusdem
1537 2750 1606 2809 libri

207 2857 399 2913 annotatum
423 2857 483 2914 est.
506 2851 635 2914 Mortuo
659 2869 737 2914 mox
761 2851 896 2915 Simone
922 2857 1065 2932 contigit,
1088 2859 1124 2914 ut
1146 2855 1253 2915 codex
1268 2853 1482 2914 bibliothecae
1506 2851 1606 2915 Caro-

207 2956 290 3017 linae
325 2959 554 3018 restitueretur.
600 2955 743 3018 Fortuna
776 2963 841 3018 tam
877 2974 1034 3036 prospera
1068 2975 1134 3020 non
1168 2962 1318 3036 gavisum
1353 2963 1405 3018 est
1435 2959 1606 3036 collegium

212 3057 410 3135 ›Nationis«,
434 3064 528 3121 cuius
551 3061 764 3122 directoribus
787 3062 1007 3123 annuentibus
1023 3079 1051 3124 a.
1080 3061 1162 3124 1449
1180 3061 1335 3124 Matthias
1359 3062 1400 3122 de
1423 3057 1604 3134 Jehnedno,

208 3145 336 3226 Skome
366 3167 626 3242 cognominatus,
665 3164 724 3225 »de
755 3165 881 3226 libraria
904 3165 1024 3226 domus
1055 3163 1202 3227 Nationis
1236 3164 1478 3227 Bohemorum‹
1517 3181 1606 3242 prae-

210 3269 330 3329 clarum
354 3270 501 3330 codicem
524 3267 743 3348 Vergilianum
768 3287 854 3332 saec.
889 3269 941 3342 ΙΧ,
973 3273 1027 3348 qui
1061 3287 1149 3332 nunc
1182 3275 1215 3332 in
1249 3271 1444 3332 bibliotheca
1479 3269 1607 3347 capituli

210 3373 446 3451 metropolitani
491 3372 663 3452 Pragensis
700 3368 943 3447 asservatur¹⁵),
984 3391 1061 3453 »pro
1098 3375 1168 3434 aliis
1211 3375 1341 3435 duobus
1386 3372 1607 3434 voluminibus

210 3477 347 3537 eandem
372 3481 539 3539 materiam
574 3479 815 3540 continentibus
839 3477 881 3537 ad
906 3483 1053 3555 tempora
1075 3482 1159 3538 vitae
1191 3495 1271 3539 suae
1301 3481 1454 3539 exemit·.
1500 3475 1607 3537 Huius

211 3581 332 3658 collegii
356 3581 586 3642 bibliothecarii
609 3587 675 3643 tam
699 3583 908 3660 neglegenter
931 3597 1065 3642 munere
1089 3597 1151 3642 suo
1175 3581 1403 3658 iungebantur,
1438 3587 1474 3640 ut
1497 3597 1537 3641 ne
1561 3583 1607 3640 in-

211 3689 398 3763 scripserint
419 3685 551 3764 quidem
574 3687 688 3747 librum
713 3689 987 3764 pretiosissimum
1011 3685 1160 3763 catalogo
1184 3683 1391 3746 Rudnicensi.
1417 3683 1483 3746 Sed
1507 3685 1608 3744 multo

211 3793 328 3849 tristior
349 3795 418 3850 erat
440 3805 513 3850 sors
535 3797 681 3852 veterum
705 3789 855 3852 codicum
880 3805 967 3850 saec.
991 3787 1075 3862 XVI,
1108 3805 1183 3850 cum
1206 3795 1273 3850 arte
1304 3789 1540 3868 typographica
1563 3791 1607 3847 in·

211 3893 434 3953 crebrescente
465 3894 533 3954 libri
567 3909 666 3954 manu
702 3897 810 3972 scripti
844 3894 1071 3954 abolescerent
1102 3900 1134 3953 et
1157 3893 1369 3954 doctissimus
1404 3896 1542 3972 quisque
1566 3893 1608 3951 ab

212 3999 249 4056 iis
272 3997 419 4074 legendis
443 3997 665 4059 deduceretur.
690 3997 744 4058 lllo
768 4003 914 4075 tempore
937 4003 1064 4058 veteres
1088 3996 1220 4057 codices
1251 3997 1401 4074 inprimis
1428 3999 1458 4072 ii,
1490 3996 1608 4075 quibus

212 4102 338 4162 mediae
361 4105 476 4164 aetatis
509 4108 660 4163 auctores
695 4102 953 4176 continebantur,
991 4099 1239 4161 bibliothecariis
1274 4101 1401 4162 inutiles
1426 4105 1457 4160 et
1480 4099 1609 4161 molesti

211 4207 413 4280 videbantur,
438 4211 677 4268 renascentium
713 4211 822 4267 autem
846 4207 1021 4266 litterarum
1054 4205 1210 4266 studiosis
1247 4210 1376 4283 propter
1409 4207 1608 4282 incomptam

214 4311 398 4371 latinitatem
438 4311 644 4371 stomachum
683 4311 867 4371 movebant.
914 4307 1054 4370 Horrore
1093 4315 1177 4370 certe
1216 4308 1425 4387 perfunditur,
1461 4311 1610 4387 quisquis

212 4419 310 4492 caput
334 4415 408 4475 iilud
444 4415 512 4476 libri
542 4406 777 4488 Winteriani'⁰)
812 4415 953 4492 perlegit,
989 4429 1054 4492 quo
1089 4413 1130 4473 de
1164 4413 1372 4490 collegiorum
1407 4411 1610 4472 bibliothecis

213 4535 300 4581 saec.
323 4517 396 4580 XVI
419 4525 451 4580 et
473 4517 559 4582 XVll
582 4519 759 4580 disseritur.
792 4517 937 4595 Magistri
971 4521 1057 4577 enim
1091 4521 1153 4596 ipsi
1186 4523 1318 4578 auctore
1348 4515 1497 4577 Wintero
1532 4522 1609 4577 tunc

212 4623 344 4683 codices
368 4624 638 4685 membranaceos
662 4627 694 4683 et
719 4624 836 4683 »libros
861 4622 1044 4699 illegibiles‹
1074 4623 1264 4700 bibliopegis
1289 4621 1509 4681 dissecandos
1532 4637 1610 4680 ven-

213 4726 343 4798 debant,
367 4727 580 4788 bibliothecae
604 4728 889 4804 neglegentissime
913 4725 1231 4800 administrabantur,
1256 4729 1331 4804 quin
1358 4728 1454 4785 etiam
1479 4742 1508 4784 a.
1529 4722 1609 4784 1603

321 4912 358 4996 15)
383 4919 424 4978 Ct.
449 4919 474 4976 J.
498 4919 590 4992 Kelle,
613 4919 783 4978 Klassische
806 4919 1031 4976 Handschritten
1054 4924 1084 4974 in
1107 4919 1210 4989 Prager
1232 4917 1444 4986 Bibliothelren,
1470 4935 1499 4990 p.
1524 4918 1553 4974 7.

322 5015 360 5097 16)
383 5023 414 5084 Ζ.
438 5023 563 5094 Winter,
586 5009 669 5080 Zivot
692 5041 731 5080 na
752 5018 920 5092 universite,
944 5041 973 5095 p.
999 5021 1181 5081 ato-385.
