3938 6010
882 576 965 636 1144

218 788 408 860 inscriptione
431 788 461 842 in
485 786 534 843 iol.
558 787 718 857 praeligato
742 788 907 844 edocemur.
931 787 967 842 A.
996 786 1077 842 1609
1103 789 1197 842 codex
1219 795 1280 843 erat
1303 791 1333 844 in
1358 790 1426 847 bibl.
1453 791 1619 848 Rosenher-

214 875 293 944 gica,
318 891 354 930 ex
377 891 435 946 qua
457 875 609 930 restitutus
633 880 677 928 est
700 873 878 928 monasterio
910 874 1049 944 praelato.
1097 873 1243 945 Operculo
1278 891 1373 946 super.
1409 877 1618 947 adglutinatee

218 967 288 1016 sunt
310 963 409 1016 literae
433 961 563 1030 magistri
587 961 695 1015 ciuium
718 961 798 1018 civit.
813 959 915 1014 Piesek
939 961 976 1015 ad
999 962 1146 1031 quendam
1163 961 1333 1030 magistrum
1350 965 1385 1017 de
1402 979 1501 1020 annuo
1519 981 1616 1021 censu

219 1049 366 1103 altaristae
390 1063 415 1104 0.
440 1047 620 1117 sigismundi
644 1049 674 1102 in
698 1047 800 1102 Piesek
823 1052 992 1117 comparato
1016 1044 1107 1124 (saec.
1136 1046 1329 1118 le—XV).

323 1249 422 1332 ΗΒ
844 1249 1039 1324 who

215 1391 324 1453 chart.
347 1407 434 1452 sace.
458 1388 526 1450 XV
536 1387 586 1468 fs.
611 1390 685 1480 253,
708 1388 795 1450 22><
809 1390 853 1450 15
872 1406 935 1450 cm.
958 1389 976 1450 1
1002 1407 1046 1450 m.

324 1529 345 1592 i.
375 1529 528 1590 1·-144³
551 1527 687 1596 (Jacobi
710 1525 960 1605 devoragine)
984 1529 1172 1590 Sermones
1196 1529 1513 1607 quadragesimales
1536 1549 1617 1594 cum

212 1616 346 1695 glossis
369 1615 571 1678 bohemicis.
609 1615 788 1694 »Quamvis
812 1617 1025 1692 solempnitas
1049 1615 1361 1694 quadragesimalis«
1382 1619 1414 1673 ><
1435 1623 1616 1680 »eiecerunt

217 1710 248 1764 et
271 1701 529 1764 crucifixerunt«

323 1790 344 1852 1.
374 1785 573 1851 1441-1841
596 1789 785 1851 Sermones
809 1785 1036 1848 adventuales
1060 1803 1135 1848 cum
1151 1789 1273 1865 glossis
1292 1788 1481 1852 bohemicis.
1509 1790 1617 1852 »Hora

213 1883 268 1937 est
290 1881 353 1936 iam
375 1883 440 1938 'nos
465 1877 505 1936 de
530 1892 671 1954 sompno
695 1891 846 1952 surgere«
874 1875 905 1930 ><
933 1878 1120 1952 »possimus
1144 1891 1312 1952 regnare«.

324 1964 344 2026 1.
373 1959 574 2025 lgm-2531,
597 1963 785 2025 Sermones
809 1961 851 2024 de
875 1961 1007 2023 sanctis
1030 1978 1110 2023 cum
1132 1960 1262 2039 glossis
1296 1963 1498 2025 bohemicis.
1548 1963 1615 2024 »De

217 2068 242 2112 0.
267 2049 420 2112 Barbara.
444 2047 543 2128 Virgo
567 2054 704 2128 cogitat«
731 2051 763 2105 ><
791 2065 875 2110 »non
899 2048 1028 2108 creditis
1053 2049 1139 2110 mihi.
1163 2047 1236 2108 Joh.
1259 2045 1355 2112 VIIl.«

323 2157 356 2213 In
379 2157 429 2216 sol.
454 2159 616 2228 praeligato
640 2158 743 2211 eadem
777 2171 866 2210 manu
901 2157 1027 2226 scriptae
1061 2161 1130 2211 sunt
1164 2157 1328 2226 petitiones,
1365 2175 1439 2228 quae
1479 2159 1609 2213 codicem

215 2248 369 2303 cuiusdam
393 2245 562 2300 monasterii
585 2246 614 2298 in
638 2242 779 2298 Bohemia
804 2241 1028 2316 (Tlebonensis)
1051 2243 1142 2297 fuisse
1165 2246 1282 2298 docent.
1330 2242 1400 2300 ltem
1423 2243 1518 2300 forma
1541 2261 1610 2300 con-

215 2331 351 2386 fessionis
374 2331 517 2400 generalis
541 2331 695 2385 bohemica
718 2324 862 2399 (Zpovtd
882 2323 1003 2384 obecnd
1025 2321 1146 2396 desua),
1170 2332 1238 2384 item
1253 2329 1401 2385 orationes
1425 2331 1612 2389 bohemicae:

213 2413 336 2473 Zdrava
357 2413 517 2473 kralovno
540 2421 573 2471 et
594 2412 716 2485 Zavr'taj
742 2411 838 2484 svaty
862 2407 950 2474 duic.
974 2414 1128 2486 Operculis
1152 2415 1351 2486 adglutinatae
1375 2424 1444 2473 sunt
1467 2416 1614 2490 Quattuor

213 2505 321 2559 icones
346 2503 411 2558 aeri
434 2511 501 2558 arte
525 2503 659 2573 punctili
683 2501 806 2557 incisae
829 2501 1074 2572 (Schrotbilder)
1097 2505 1129 2557 et
1152 2503 1313 2558 coloratae
1335 2509 1613 2573 repraesentantes

216 2589 246 2662 1)
271 2589 403 2647 Mariam
426 2590 574 2646 Jesulum
598 2589 747 2644 manibus
770 2592 945 2658 tenentem,
976 2588 1010 2662 2)
1041 2588 1208 2644 sudarium
1230 2603 1256 2642 s.
1295 2587 1482 2660 Veronieae,
1518 2590 1552 2663 3)
1586 2607 1612 2647 0.

208 2676 490 2748 christophorum,
515 2675 548 2746 4)
572 2692 596 2732 s.
621 2675 887 2732 Bernhardinum.
912 2671 1003 2750 (saec.
1027 2675 1107 2746 XV).
1141 2675 1177 2732 A.
1216 2676 1297 2731 1609
1332 2678 1425 2734 codex
1457 2683 1518 2733 erat
1541 2679 1610 2736 bibl.

213 2765 453 2834 Rosenbergicae,
477 2765 581 2819 deinde
606 2769 733 2820 monast.
757 2761 964 2818 Tiebonensis

317 2965 417 3046 Μ4
838 2963 1033 3040 WEZ

205 3125 317 3185 chart.
341 3124 433 3184 misc.
456 3141 543 3186 saec.
567 3121 636 3184 XV
655 3122 763 3203 (1425,
787 3122 905 3184 1446-
916 3121 972 3201 48)
982 3121 1028 3204 ff.
1052 3121 1127 3197 175,
1150 3121 1190 3183 21
1206 3125 1237 3178 ><
1250 3123 1295 3184 15
1316 3139 1377 3182 cm.
1402 3123 1424 3185 2
1447 3142 1490 3184 m.

319 3261 342 3324 f.
372 3262 704 3326 1⁸-522J0hannis
729 3261 1213 3324 deSacroboscoTractatus
1244 3262 1286 3322 de
1320 3263 1470 3340 sphaera
1504 3269 1609 3325 mate·
1649 3301 1691 3364 s

212 3349 287 3409 riali
311 3366 390 3410 cum
413 3348 674 3412 commentario.
702 3349 842 3428 »Magna
865 3355 916 3410 est
939 3353 1103 3426 sapiencie
1128 3349 1298 3410 divinitas«
1328 3355 1358 3404 ><
1386 3351 1518 3411 »mundi
1542 3369 1609 3412 ma-

211 3437 307 3496 chine
330 3436 534 3497 dissolvetur.
560 3436 653 3514 Expl.
678 3441 767 3496 tract.
793 3454 888 3514 spere
913 3438 1088 3496 materialis
1112 3434 1223 3496 finitus
1259 3452 1315 3512 per
1344 3436 1543 3499 ‚Iohannem
1567 3442 1609 3499 de

210 3521 320 3584 Nowe
343 3521 481 3601 Myasto
504 3522 560 3584 ier.
586 3523 624 3586 lll
648 3529 723 3602 post
746 3524 843 3584 letare
867 3527 953 3583 circa
976 3525 1095 3582 almam
1131 3526 1377 3583 universitatem
1414 3521 1607 3585 Cracovien-

211 3625 282 3682 sem
306 3613 338 3669 in
362 3611 461 3670 domo
485 3613 599 3688 prioris
623 3625 802 3690 pauperum
828 3611 925 3670 burse
948 3627 977 3672 a.
996 3609 1026 3668 d.
1047 3606 1157 3669 1425.‹
1178 3605 1330 3688 Sequens
1349 3610 1514 3687 quaedam
1530 3617 1608 3672 nota

203 3697 311 3756 cultro
335 3699 447 3756 excisa
470 3702 529 3756 est.

318 3797 339 3858 1.
363 3795 523 3859 biit-98b
558 3798 660 3860 Liber
694 3801 735 3859 de
770 3798 951 3860 altitudine
984 3797 1105 3858 mundi
1137 3798 1356 3860 recollectus.
1406 3800 1606 3862 »Avicebron

209 3887 289 3945 libro
323 3885 421 3945 fontis
456 3891 537 3945 uite:
575 3886 608 3946 ln
643 3887 751 3945 alciori
786 3889 961 3945 intersticio
993 3889 1096 3944 acris«
1123 3886 1155 3942 ><
1183 3884 1242 3946 »Et
1266 3889 1313 3946 sic
1338 3893 1388 3945 est
1411 3887 1485 3948 linis
1509 3887 1606 3948 huius

209 3976 350 4044 materie,
374 3989 437 4050 que
461 3973 592 4051 quidem
617 3976 751 4032 materia
774 3976 894 4049 scripta
917 3987 955 4030 ac
979 3973 1114 4031 collecta
1137 3978 1187 4031 est
1211 3989 1268 4050 per
1291 3989 1342 4031 me
1366 3973 1542 4034 Andream
1565 3974 1607 4037 de

209 4057 340 4120 Costen
375 4060 497 4119 baccal.
532 4057 799 4121 'Cracoviensem
834 4063 865 4119 in
901 4058 1017 4118 eodem
1050 4058 1159 4118 studio
1183 4063 1213 4118 in
1239 4059 1338 4118 bursa
1362 4076 1541 4138 pauperum
1566 4078 1606 4121 ex

206 4146 351 4222 quodam
376 4147 466 4212 libro.
490 4150 545 4223 qui
568 4151 745 4207 intitulatur
778 4146 830 4206 lib.
869 4144 909 4204 de
944 4148 996 4205 alt.
1030 4162 1071 4204 m.
1097 4146 1300 4205 obmittendo
1325 4146 1443 4206 ibidem
1469 4163 1604 4207 sensum

208 4236 370 4292 misticum
396 4237 465 4292 siue
491 4235 708 4310 theologicum
733 4249 762 4292 a.
790 4230 900 4291 illd·

315 4335 336 4396 1.
361 4332 545 4396 981-1001
570 4336 858 4396 Reeommendatio
893 4340 1010 4396 artium
1034 4337 1211 4395 liberalium
1244 4341 1275 4395 et
1300 4337 1480 4413 specialiter
1503 4345 1605 4398 astro-

207 4439 346 4482 nomiae.

314 4525 333 4585 1.
361 4525 561 4587 lOll--102l
588 4527 644 4588 Ali
667 4525 717 4588 De
741 4525 972 4602 dispositione
995 4527 1096 4588 atris,
1145 4525 1214 4586 »hd
1239 4529 1545 4604 prenosticandam‹
1573 4531 1604 4585 ><

208 4611 320 4691 »Expl
346 4615 422 4673 liber
445 4611 529 4690 Haly
553 4615 593 4674 de
618 4614 648 4674 d.
673 4631 701 4673 a.
727 4613 837 4674 finitus
863 4629 919 4690 per
942 4613 1117 4674 Andream
1133 4614 1174 4672 de
1191 4613 1324 4674 Costan
1341 4619 1463 4674 arcium
1481 4616 1603 4676 baccal.

204 4702 237 4759 in
262 4701 361 4760 bursa
384 4715 563 4777 pauperum
587 4704 660 4778 ipso
684 4701 735 4759 die
760 4717 786 4758 s.
811 4697 977 4776 Spiritus·

312 4803 333 4864 i.
361 4802 561 4865 1021410311
587 4802 703 4865 »Stelle
729 4804 792 4864 fixe
817 4806 926 4863 adrem
950 4804 1150 4864 turbantes«
1197 4802 1255 4864 »28
1280 4809 1471 4864 mansiones
1495 4805 1600 4866 lune«

312 4907 333 4968 i.
361 4904 564 4968 1031-112Ε
586 4908 629 4969 M.
666 4906 837 4969 Guidonis
871 4903 1009 4990 (Bonati
1044 4906 1310 4984 Forolivicnsis)
1343 4906 1525 4969 Tractatus
1560 4908 1602 4970 de

198 4993 437 5071 dispositione
460 4995 561 5056 airis.
590 4993 655 5054 »Ne
679 5002 709 5055 te
744 4999 777 5056 in
811 4999 973 5054 astrorum
1004 4997 1148 5055 iudiciis«
1177 4998 1208 5048 ><
1236 4994 1444 5072 »grandinem
1473 5001 1601 5074 ¹tempe·

203 5085 352 5141 stuosam
371 5127 380 5144 .
400 5129 405 5140 .
425 5126 434 5144 .
453 5099 510 5160 per
531 5083 706 5142 Andream
730 5082 771 5144 de
795 5081 956 5144 Costan.«

877 5302 925 5354 461
