3978 6006
1008 538 1088 598 1497

454 744 474 805 l.
499 741 579 805 2441
602 743 727 804 Versus
751 749 881 823 satyrici
906 746 946 806 de
971 745 1116 824 quodam
1140 743 1294 807 Conrado
1318 751 1476 806 emortuo¹

450 834 599 900 Codicem‚
623 835 672 906 qui
696 834 765 890 olim
789 841 850 890 erat
873 837 989 906 collegii
1012 834 1147 891 Nationls
1171 835 1367 891 Bohemorum
1390 836 1445 890 sub
1461 837 1537 906 sign.
1557 835 1592 907 Q,
1610 834 1649 891 43
1670 835 1748 907 (Cat.

346 922 469 980 Rudnic.
493 939 522 993 p.
551 922 633 992 173),
657 937 767 978 recens
793 921 921 990 Schulte‚
945 925 1059 980 Canon.
1084 921 1234 978 Handsch.
1258 939 1286 993 p.
1317 921 1364 977 ¹39.

450 1089 545 1170 1497
791 1089 893 1166 VIII.
923 1091 970 1166 D.
999 1091 1033 1164 2.
1063 1106 1108 1170 (Y.
1127 1107 1163 1158 11.
1182 1107 1207 1160 a.
1226 1108 1302 1171 ne.)

350 1230 457 1291 chart.
481 1245 570 1291 saec.
591 1227 648 1292 XI
654 1223 787 1290 V-XV
801 1229 841 1310 ff.
866 1230 939 1306 170,
963 1231 1042 1293 29·5
1053 1231 1148 1310 ><22
1160 1248 1222 1292 cm.
1247 1231 1278 1290 d.
1302 1248 1348 1292 m.

455 1349 476 1411 l.
504 1346 642 1411 11-391
676 1349 865 1412 Sermones
901 1352 943 1412 de
976 1360 1135 1429 tempore
1169 1357 1319 1413 carentes
1349 1356 1438 1413 initio
1474 1352 1576 1426 (dom.
1613 1351 1638 1412 ll
1674 1359 1749 1431 post

349 1441 459 1512 trinit.)
485 1438 677 1498 »consilium
701 1453 822 1512 meum,
854 1438 942 1516 quod
967 1438 1042 1499 dedi
1065 1439 1179 1499 vobis«
1207 1439 1239 1496 ><
1262 1439 1365 1513 (dom.
1388 1443 1498 1512 trinit)
1534 1439 1627 1500 »ideo
1651 1457 1749 1500 evan-

345 1526 466 1603 gelium
490 1525 590 1585 homo
614 1523 747 1602 quidam
772 1529 852 1584 etc«

455 1609 475 1670 i.
500 1609 685 1671 401-1221
718 1609 763 1672 Μ.
797 1611 965 1673 Matthaei
999 1611 1041 1673 de
1076 1611 1248 1674 Cracovia
1291 1611 1478 1674 Sermones
1523 1611 1566 1673 de
1609 1611 1747 1674 sanctis.

350 1697 553 1758 »Ambulans
576 1696 677 1759 Jesus
700 1701 792 1758 iuxta
814 1714 904 1758 mare
928 1697 1068 1759 Galilee«
1098 1697 1126 1762 ><
1154 1705 1209 1760 -ut
1231 1703 1448 1776 penitenciam
1472 1705 1622 1778 quereret
1637 1717 1748 1777 pecca·

348 1791 486 1846 torum«.
511 1784 596 1858 (Alia
619 1787 752 1858 manuz)
779 1783 930 1846 ›Pustilla
952 1783 1034 1864 Mgri
1057 1783 1178 1846 lllathei
1191 1785 1232 1846 de
1244 1784 1424 1860 Crecowia
1439 1786 1566 1865 plebani
1580 1787 1746 1864 quondam

347 1875 379 1931 in
403 1869 482 1931 Lete
505 1869 604 1932 Curia
627 1869 759 1947 Frage«

456 1957 475 2019 i.
505 1953 706 2018 1232—170b
730 1956 925 2036 (Iohannes
959 1955 1067 2019 Kortz
1097 1955 1226 2039 dictus)
1259 1957 1489 2020 »Contractus
1520 1958 1563 2020 de
1598 1959 1743 2022 sanctis«

347 2042 577 2122 (Sermones).
605 2041 659 2104 »Si
676 2060 802 2104 moram
819 2044 938 2118 lecerit,
961 2050 1136 2123 exspecta«
1163 2046 1195 2102 ><
1219 2043 1430 2124 (subscriptio
1455 2063 1575 2124 magna
1598 2063 1639 2107 ex
1663 2052 1748 2124 parte

346 2131 470 2202 evulsa,
495 2135 605 2192 tamen
628 2131 760 2208 legitur:
784 2129 981 2192 Contractus
1004 2147 1061 2210 per
1084 2148 1203 2193 manus
1225 2130 1330 2192 Welis
1355 2183 1360 2193 .
1387 2179 1394 2192 .
1418 2133 1440 2204 ,l

454 2219 607 2292 operculis
638 2221 798 2290 adligatum
831 2226 876 2276 est
905 2221 1097 2292 fragmentum
1129 2221 1314 2278 instrumenti
1338 2221 1419 2293 publ.
1443 2227 1537 2279 notar.
1561 2221 1665 2278 Crucis
1688 2227 1746 2278 nati

347 2308 500 2378 quondam
524 2305 674 2362 Benedicti
697 2306 782 2361 Hoch
805 2307 841 2362 de
864 2305 994 2363 Miliczin
1017 2309 1255 2378 recognoscentis
1278 2307 1489 2364 Wenceslaum
1505 2309 1608 2366 Jacobi
1631 2312 1667 2364 de
1693 2308 1749 2364 Ho-

351 2394 477 2450 rzowicz
493 2396 696 2464 presbyterum
712 2393 874 2450 instituisse
898 2409 1005 2450 causae
1029 2410 1101 2450 suae
1123 2401 1327 2465 procuratores
1351 2411 1377 2453 a.
1406 2395 1497 2452 1405.
1519 2395 1553 2451 In
1576 2396 1668 2452 fronte
1683 2395 1701 2452 l.
1722 2397 1750 2450 1·

349 2496 439 2535 manu
464 2495 543 2536 saec.
566 2478 649 2535 XVII
672 2480 759 2535 etiam
782 2478 939 2536 Sermones
963 2482 998 2535 de
1021 2489 1149 2552 tempore
1173 2481 1370 2538 attribuuntur
1384 2481 1534 2538 Matthaeo
1550 2481 1747 2538 Cracoviensi.

352 2565 432 2622 Nota
455 2571 484 2621 ln
509 2567 646 2637 operculo
670 2568 834 2637 superiore:
862 2567 922 2622 »De
944 2566 1123 2624 Bethleem«.

454 2731 552 2815 1498
809 2733 912 2810 VIII.
939 2737 987 2811 D.
1014 2735 1049 2810 3.
1079 2752 1251 2816 lauru.
1268 2754 1306 2816 a)

351 2875 459 2937 chart.
481 2891 570 2936 saec.
593 2873 715 2956 XVff.
738 2875 804 2938 286
824 2893 930 2950 uum„
952 2876 992 2937 31
1007 2876 1096 2938 ><22
1118 2895 1181 2939 cm.
1205 2877 1223 2938 1
1248 2893 1292 2938 m.

347 2995 459 3059 Biblia
484 3012 587 3058 sacra
608 2995 825 3059 continentia
857 2996 1072 3059 Testamenti
1101 2997 1240 3060 Veteris
1270 2997 1380 3060 libros
1403 2997 1640 3076 sapientiales,
1662 2995 1749 3059 Novi

458 3171 491 3227 ln
516 3171 609 3227 lronte
633 3172 653 3231 f.
681 3173 733 3228 17·
755 3179 928 3230 annotatum
952 3101 1109 3230 egmlllrllglsfl
1140 3175 1304 3231 Iohannem
1338 3176 1374 3230 de
1408 3173 1569 3244 Rokycano
1600 3191 1627 3229 a.
1663 3173 1747 3242 1459,

350 3275 417 3315 cum
443 3264 520 3314 esset
543 3265 637 3314 rector
660 3260 868 3330 universitatis
892 3261 1000 3318 librum
1025 3263 1187 3333 sapientiae
1202 3263 1399 3333 praedicando
1416 3262 1600 3330 exposuisse.
1624 3259 1699 3315 Nota
1720 3260 1748 3315 in

350 3345 489 3418 operculo
528 3351 692 3417 superiore:
735 3345 837 3402 »Liber
881 3349 1046 3404 nacionis«.
1093 3347 1186 3404 Vetus
1231 3348 1306 3419 sign.
1352 3349 1538 3403 concordans
1582 3363 1649 3402 cum
1695 3361 1748 3416 reg.

350 3431 472 3490 Rudnic.
495 3432 532 3501 A,
557 3432 585 3488 3.
1493 3453 1497 3464 ·

453 3598 548 3681 1499
818 3599 921 3677 VIII.
949 3602 997 3677 D.
1026 3603 1060 3678 4.
1090 3621 1134 3680 tr.
1153 3621 1187 3672 ll.
1207 3622 1231 3673 2.
1251 3623 1346 3679 arm

355 3741 464 3803 chart.
489 3759 521 3802 a.
546 3739 695 3820 1409fs.
718 3741 772 3816 99,
793 3741 935 3804 31><21
960 3758 1022 3804 cm.
1046 3743 1064 3804 1
1089 3762 1134 3805 m.

865 3861 1051 3940 Expositio
1073 3863 1245 3927 Psalterii.

461 3949 481 4010 l.
510 3950 544 4009 1⁸
578 3949 717 4010 »Beatus
752 3953 800 4009 vir
834 3954 893 4010 etc.
926 3949 1009 4011 Cum
1041 3969 1158 4012 omnes
1190 3954 1368 4032 prophetas
1399 3961 1545 4016 constet«
1582 3952 1667 4032 ><1.
1696 3951 1753 4012 99ι

358 4040 485 4096 »omnis
517 4039 649 4114 spiritus
685 4038 808 4098 scilicet
841 4038 1010 4115 angelicus
1041 4039 1150 4099 laudet
1173 4041 1354 4102 dominum.
1379 4042 1494 4102 Amen.
1519 4041 1656 4101 Alleluia
1681 4084 1689 4099 .
1716 4089 1751 4100 ..

354 4121 532 4200 Exposicio
556 4127 665 4184 textus
689 4125 830 4202 psalterii
861 4125 1070 4186 solummodo
1102 4130 1133 4186 in
1157 4127 1217 4186 illis
1241 4129 1458 4188 amminiculis
1482 4133 1670 4190 sanctorum
1698 4125 1753 4186 do·

353 4215 478 4269 ctorum
504 4217 734 4271 consummata
746 4215 778 4270 in
803 4209 854 4270 die
879 4208 1029 4272 Damiani
1054 4211 1110 4273 ier.
1135 4211 1184 4274 Vl.
1203 4220 1278 4275 ante
1295 4214 1415 4276 festum
1433 4232 1460 4276 s.
1476 4214 1666 4276 Wenceslai
1693 4213 1753 4272 sub

350 4314 379 4356 a.
407 4294 490 4356 1409
516 4347 521 4356 .
549 4347 552 4353 .
580 4342 586 4354 .
611 4300 643 4357 in
667 4296 854 4376 Knyhnycz
878 4315 935 4374 per
957 4302 1093 4372 (nomen
1117 4299 1231 4360 librarii
1257 4302 1359 4361 cultro
1383 4306 1531 4362 excisum
1549 4307 1625 4374 est).
1651 4299 1691 4360 Et
1708 4303 1751 4359 sic

349 4388 400 4443 est
424 4382 509 4444 finis.
534 4381 606 4444 Deo
629 4387 765 4460 gracias.
789 4382 862 4444 Tak
888 4384 975 4446 buoh
1000 4385 1065 4464 day
1089 4403 1108 4445 a
1132 4387 1297 4466 pomahay
1322 4406 1378 4466 my
1402 4389 1493 4466 myly
1516 4389 1635 4448 buoh«

458 4552 555 4635 l5⁰⁰
832 4554 932 4631 VIII.
959 4555 1007 4631 D.
1035 4557 1071 4630 5.
1098 4572 1146 4638 (Y.
1167 4572 1201 4624 11.
1221 4575 1246 4625 2.
1265 4591 1291 4628 u.
1308 4577 1365 4640 33.)

358 4693 463 4755 chart.
487 4711 574 4756 saec.
597 4693 666 4757 XV
680 4696 722 4777 ff.
746 4697 797 4772 65,
820 4697 1022 4758 30·5><21·5
1034 4715 1097 4760 cm.
1120 4699 1138 4760 1
1164 4717 1209 4760 m.

350 4812 503 4878 'rhomae
527 4818 569 4879 de
593 4817 731 4894 Aquino
766 4817 1047 4880 Commentarius
1081 4819 1117 4881 in
1152 4821 1289 4884 Boethii
1318 4822 1426 4883 libros
1450 4820 1492 4882 de
1515 4819 1754 4883 consolatione

352 4902 598 4982 philosophiae
621 4921 695 4966 cum
720 4905 930 4983 praeambulo
942 4907 1113 4968 cuiusdam
1132 4913 1276 4987 magistri
1288 4909 1499 4986 (Pragensis),
1513 4913 1567 4985 qui
1580 4927 1609 4970 a.
1627 4907 1753 4980 14550)

293 5064 296 5070 ¹
352 4991 452 5050 libros
477 4991 603 5052 Boethii
630 4991 690 5051 »ad
715 4993 978 5053 consolacionem
1003 5011 1183 5072 pauperum
1208 4998 1424 5057 scholarium«
1450 4995 1557 5070 legere
1579 4999 1710 5072 incepit.

1025 5217 1075 5265 552
