4048 6012
928 549 993 610 290

360 760 380 822 i.
406 759 511 820 236³-
532 757 612 822 281b
637 759 745 823 Stella
767 759 973 823 olorinorum
996 776 1076 821 cum
1101 760 1333 838 expositione.
1382 761 1495 825 »Circa
1528 768 1659 826 inicium

257 849 348 908 stelle
372 849 562 908 clericorum
587 847 628 907 de
652 848 723 909 celo
748 852 780 908 et
803 847 944 908 mundo«
972 865 1005 921 ><
1034 851 1083 908 »in
1107 849 1216 908 celesti
1242 853 1373 927 patria«
1400 850 1450 925 (ln
1475 853 1548 912 cod.
1572 851 1593 912 I.
1619 849 1657 912 G.

257 935 276 994 2
302 934 322 994 i.
346 933 486 1003 60-67,
514 935 570 994 ubi
592 934 789 1013 idemoopus
813 937 952 994 occurrit
975 934 1035 994 sed
1059 938 1130 994 sine
1155 939 1370 1012 expositione,
1396 942 1525 1015 ponitur
1547 943 1660 999 auctor

256 1021 344 1100 Mag.
368 1021 589 1082 Hermannus
613 1019 860 1098 Tepelstensis,
887 1019 947 1080 sed
970 1021 1043 1081 alibi
1067 1021 1138 1080 aliis
1161 1021 1364 1096 attribuitur.)

360 1129 513 1200 Operculis
547 1129 677 1198 adligata
710 1134 780 1182 sunt
815 1129 874 1182 duo
912 1125 1075 1196 fragmenta
1098 1127 1257 1188 membran.
1293 1131 1429 1186 codicum
1454 1131 1657 1202 vetustiorum,

256 1232 347 1270 unum
370 1231 448 1275 saec.
472 1213 548 1283 XIII,
571 1216 694 1270 alterum
718 1212 795 1273 XIV.
819 1212 852 1268 In
875 1213 924 1272 lol.
948 1213 1052 1268 ultimo
1076 1229 1136 1268 non
1160 1230 1240 1274 num.
1265 1217 1437 1272 adnotatum
1460 1223 1504 1272 est
1527 1219 1658 1274 codicem

255 1317 335 1362 saec.
359 1301 413 1358 XV
436 1301 527 1356 luisse
551 1309 677 1358 monast.
709 1299 947 1360 Borowanensis.
983 1299 1107 1370 (Ibidem
1141 1305 1266 1357 occurrit
1300 1309 1372 1358 nota
1406 1303 1442 1358 de
1477 1305 1568 1360 missa
1601 1305 1658 1376 legi

257 1395 360 1458 coepta
384 1405 410 1448 a.
439 1389 528 1456 1496,
554 1404 641 1459 quam
665 1387 796 1442 fundavit
818 1386 935 1442 Ulricus
960 1388 995 1442 de
1018 1387 1201 1456 Dworzecz.)
1224 1389 1260 1448 A.
1289 1389 1370 1444 1609
1394 1391 1488 1446 codex
1512 1397 1572 1446 erat
1588 1391 1657 1452 bibl.

259 1475 500 1546 Rosenbergicae,
524 1477 630 1530 deinde
655 1475 757 1528 iterum
783 1475 952 1529 monasterii
982 1475 1111 1544 praelati.

359 1659 442 1742 289
874 1659 902 1736 i.
933 1661 977 1735 G.
1006 1661 1066 1734 13.

255 1803 363 1864 chart.
386 1819 474 1863 saec.
497 1799 566 1862 XV
576 1797 625 1877 ss.
648 1799 714 1862 260
736 1818 840 1868 num..
864 1799 1007 1862 21><14
1030 1817 1092 1862 cm.
1118 1801 1150 1862 d.
1174 1819 1218 1862 m.

360 1923 378 1984 l.
408 1922 527 1984 1-75ι
556 1927 714 1996 (anepigrr
756 1921 992 1984 Auctoritates
1025 1923 1250 2000 theologicae.
1302 1923 1530 1985 »Bemhardus
1564 1925 1655 1986 dicit:

256 2011 338 2070 deus
361 2017 413 2070 est
435 2027 546 2070 amon
573 2011 605 2066 ><
632 2007 808 2087 »Magnum
831 2010 1031 2070 certantibus
1055 2011 1215 2080 levamen,
1239 2027 1394 2088 magnam
1415 2012 1657 2072 consolacionis

254 2101 395 2244 fficliam
442 2103 563 2174 parat«.
600 2093 753 2174 Sequitur
804 2100 974 2172 registrum
1017 2102 1049 2158 in
1092 2095 1195 2157 lronte
1239 2099 1430 2175 mutilatum,
1465 2096 1592 2160 finitum
1626 2115 1656 2160 a.

357 2288 377 2348 i.
401 2283 563 2348 ihi—83⁸
586 2291 746 2361 (anepigr.)
776 2285 958 2348 Tractatus
992 2288 1034 2348 de
1057 2288 1221 2365 peccatis
1260 2287 1441 2366 »Superbia
1470 2294 1523 2348 est
1556 2291 1656 2349 maio·

253 2380 356 2435 racio·
386 2377 417 2432 ><
445 2374 552 2454 »quod
575 2379 641 2452 regi
666 2377 780 2452 piacet
804 2374 880 2434 illud
905 2379 1033 2452 oportet
1055 2374 1162 2436 iacere
1186 2381 1248 2437 etc.
1272 2375 1314 2436 Et
1336 2379 1385 2436 sic
1408 2380 1460 2436 est
1480 2373 1587 2436 finis.‹

360 2479 380 2540 i.
405 2474 567 2540 83i-84b
591 2475 693 2538 Notae
719 2479 759 2538 de
783 2478 983 2556 quadruplici
1008 2495 1111 2538 sensu
1135 2483 1324 2558 scripturae,
1350 2478 1390 2538 de
1414 2477 1577 2540 ebrietate.

362 2583 381 2643 l.
406 2581 573 2644 852-143
597 2586 741 2656 (anepigr,
765 2585 851 2640 titulo
874 2587 904 2639 in
928 2585 1021 2640 fronte
1052 2587 1170 2656 evulso)
1194 2581 1464 2644 confessionnis
1496 2581 1655 2643 sacerdo-

252 2677 337 2732 tum.
365 2671 417 2731 »ln
442 2674 552 2748 primis
576 2669 673 2728 debet
707 2669 865 2729 sacerdos
900 2673 1096 2746 interrogare
1133 2673 1349 2747 penitentem«
1376 2669 1408 2725 ><
1457 2669 1517 2730 »Et
1551 2672 1655 2730 sancti

254 2763 363 2834 patres
386 2757 537 2818 dixerunt
559 2761 672 2817 contra
696 2757 784 2816 hunc
808 2771 960 2816 errorem.
985 2754 1027 2816 Et
1048 2757 1149 2816 homo
1173 2756 1280 2817 lactus
1304 2761 1459 2816 estete«

356 2861 376 2922 i.
406 2855 607 2922 litii-452b
631 2859 664 2922 S.
681 2858 870 2937 Augustini
905 2861 948 2920 ad
980 2857 1123 2920 Petrum
1157 2859 1344 2922 diaconum
1378 2859 1467 2922 liber
1499 2859 1542 2921 de
1576 2858 1654 2922 lide.

257 2948 474 3008 »Firmissime
497 2953 590 3008 tene«
617 2953 677 3008 etc.

356 3051 375 3111 l.
406 3047 962 3128 152b-1552Dtsputataiudaei
987 3067 1067 3111 cnm
1090 3050 1293 3113 Christiano
1317 3053 1411 3126 (alter
1442 3051 1573 3112 titulus:
1606 3049 1655 3111 Li·

251 3139 309 3199 ber
337 3145 450 3200 contra
479 3137 648 3212 iudaeos),
684 3144 719 3198 ut
748 3138 885 3204 videtur,
921 3142 953 3198 in
997 3137 1061 3199 line
1101 3155 1228 3199 manca.
1272 3137 1438 3198 »Dicimus
1471 3141 1558 3198 enim
1593 3136 1653 3198 lra-

249 3231 335 3286 tres«
361 3230 421 3286 etc.

354 3327 374 3389 i.
404 3325 604 3389 ὥθ’-164δ
639 3327 827 3406 Speculum
861 3329 1083 3390 sacerdotum
1125 3334 1211 3390 circa
1246 3335 1454 3390 sacramenta
1488 3328 1650 3406 baptismi,

249 3417 464 3476 eucharistiae
489 3421 520 3476 et
543 3420 770 3493 poenitentiae.
797 3414 907 3476 »istud
932 3421 983 3476 est
1007 3417 1178 3493 speculum
1202 3417 1329 3477 nobile«
1356 3417 1389 3473 ><
1416 3415 1507 3494 »Que
1530 3415 1582 3474 hic
1598 3413 1653 3474 de-

250 3501 374 3578 ficiunt,
398 3507 430 3564 in
453 3518 580 3564 canone
604 3502 850 3585 huiusspecuii
868 3507 1078 3580 requirantur.
1098 3501 1168 3564 lieo
1184 3507 1323 3582 gracias,
1342 3501 1479 3582 Explicit
1495 3503 1558 3561 hoc
1580 3517 1652 3579 spe-

252 3590 360 3650 culum
386 3589 623 3652 sacerdotum«

353 3692 373 3755 i.
402 3689 604 3754 lofin-260⁶
627 3693 745 3774 (titulus
767 3699 797 3752 in
821 3696 914 3752 ironte
937 3697 1074 3766 evulsus)
1107 3693 1253 3756 Antonii
1273 3691 1467 3756 Januensis
1490 3691 1561 3752 ord.
1585 3708 1652 3752 ere·

249 3785 315 3840 mit
341 3797 367 3842 S.
391 3781 474 3858 Aug.
498 3778 601 3842 Liber
623 3779 813 3858 figurarum
836 3779 1033 3842 moralium.
1059 3781 1291 3842 »Abstinencia
1309 3782 1406 3841 bona.
1431 3777 1565 3857 Castigo
1581 3794 1651 3840 cor-

248 3883 313 3945 pus
336 3883 465 3928 meum«
493 3871 524 3922 ><
551 3866 709 3945 »Explicit
730 3867 809 3928 liber
831 3866 1010 3944 figurarum
1045 3869 1088 3928 ab
1112 3868 1280 3928 Anthonio
1315 3871 1520 3946 compositus
1556 3863 1651 3926 iratre

247 3955 507 4016 heremitarum«
534 3951 688 4032 Sequitur
710 3954 809 4015 index
832 3958 864 4016 in
888 3952 953 4014 line
981 3970 1130 4014 mancus.

352 4059 505 4132 Opercuiis
529 4061 660 4131 adligata
682 4067 752 4115 sunt
781 4061 943 4129 fragmenta
977 4063 1133 4116 cuiusdam
1168 4061 1281 4117 codicis
1316 4063 1476 4120 membran.
1511 4059 1650 4118 hebraici.

247 4145 427 4203 Intrinsecus
450 4147 580 4218 operculi
603 4147 762 4218 superioris
786 4153 921 4202 notetur:
949 4147 1052 4204 »Liber
1074 4148 1245 4204 monasterii
1268 4154 1296 4202 et
1318 4149 1424 4204 donnrs
1448 4161 1523 4202 nove
1546 4147 1651 4202 lunda-

248 4234 344 4289 cionis
368 4233 414 4289 dei
437 4234 586 4304 genitricis
610 4233 734 4304 virginis
757 4233 849 4289 hiarie
872 4234 903 4289 in
926 4232 1072 4289 Borowan
1095 4237 1309 4290 canorricorum
1339 4233 1517 4304 regularium
1540 4249 1565 4292 s.
1589 4232 1651 4288 Au-

247 4323 389 4392 gustini«
414 4319 524 4376 Deinde
548 4323 642 4376 codex
664 4322 694 4375 in
719 4321 789 4380 bibl.
813 4321 1058 4390 Rosenbergicam
1083 4322 1223 4393 pervenit,
1259 4337 1295 4376 ex
1330 4337 1389 4392 qua
1423 4323 1574 4376 restitutus
1606 4323 1651 4374 est

247 4407 425 4463 monasterio
448 4407 587 4479 praelatu.

350 4573 432 4658 29⁰
865 4575 893 4652 I.
923 4577 968 4650 G.
997 4576 1057 4650 14.

245 4715 354 4777 chari.
377 4734 410 4778 a.
434 4716 606 4779 1415-17
626 4715 665 4798 ff.
689 4715 763 4790 190,
786 4715 865 4778 21·5
874 4715 965 4778 ><15
999 4735 1062 4780 cm.
1097 4715 1142 4778 ab
1164 4733 1228 4777 uno
1261 4715 1377 4778 scriba
1398 4714 1556 4796 (Lr'pbone
1574 4715 1648 4796 ple·

247 4799 337 4864 bano
350 4803 387 4864 ἐκ
410 4799 610 4882 Gasiebrticz)
632 4805 807 4869 exaratus

350 4923 369 4984 i.
399 4921 519 4984 1-52b
540 4913 715 4986 Johannis'
740 4925 782 4984 de
804 4922 906 5000 illisa,
952 4923 1113 4986 montel
1142 4922 1342 5002 PragensIs,
1387 4923 1432 4984 ad
1453 4921 1485 4984 d.
1508 4921 1649 4986 Crrnath

243 5008 376 5072 dictum
396 5009 520 5088 Capler
536 5011 593 5090 (de
614 5008 780 5088 suevia),
803 5011 1001 5074 tabularum
1023 5010 1123 5090 regni
1144 5009 1308 5074 Boemiae
1324 5025 1529 5088 supremum
1551 5013 1648 5071 nota·

925 5234 972 5284 127
