4094 6016
927 601 986 663 581

259 811 421 885 quirense.
438 805 545 884 (Opus
562 808 624 868 hoc
641 825 794 870 mancum
818 825 894 868 esse
917 808 1054 883 videtur,
1097 824 1173 868 cum
1211 815 1390 886 sequantur
1420 808 1542 885 aliquot
1581 805 1657 866 lolia

259 897 388 967 vacua.)

366 996 386 1056 1.
416 993 613 1058 121⁸-160b
635 997 679 1060 M.
704 996 878 1060 hdalberti
901 995 1075 1060 Ranconis
1099 996 1141 1057 de
1163 994 1316 1058 Ericinio
1356 994 1507 1057 Notulae
1537 1012 1658 1058 excer-

259 1089 339 1162 ptae
362 1085 404 1145 de
436 1082 470 1144 S.
504 1083 771 1146 Beneventurae
793 1083 903 1145 Dictis
937 1099 1044 1161 super
1076 1081 1285 1145 iohannem.
1335 1081 1387 1143 »ln
1412 1086 1567 1160 principio
1591 1087 1660 1142 erat

260 1172 415 1231 verbum«
440 1171 474 1228 ><
501 1177 555 1231 »ut
576 1171 646 1231 aliis
670 1171 809 1232 lructum
833 1171 953 1231 laboris
977 1171 1143 1248 relinquat.
1181 1169 1250 1230 Hec
1274 1169 1360 1230 dicta
1384 1175 1462 1230 sunt
1485 1168 1660 1229 Bonaven-

260 1263 331 1318 tura
347 1261 394 1318 sic
410 1257 485 1318 dicti
503 1257 645 1318 doctoris
671 1264 703 1318 et
724 1258 906 1318 cardinalis.
931 1255 1024 1318 Nota.
1051 1255 1279 1335 Suprascripte
1303 1258 1412 1316 notule
1429 1261 1557 1333 recepte
1581 1261 1663 1316 sunt

262 1343 302 1404 de
319 1345 398 1404 libro
415 1343 643 1404 Bonaventure
671 1361 770 1424 super
796 1343 989 1412 iohannem,
1015 1349 1046 1404 et
1069 1349 1147 1404 sunt
1169 1347 1340 1416 autentice,
1365 1346 1441 1420 quia
1464 1359 1583 1420 amag.
1608 1343 1659 1402 Ad

260 1430 391 1491 Alberto
414 1429 581 1491 Rankonis
606 1432 787 1510 compilate.
811 1430 852 1492 Et
875 1434 922 1491 sic
945 1435 996 1491 est
1018 1431 1104 1491 linis
1129 1429 1244 1490 Amen.
1269 1427 1361 1508 hiyly
1385 1431 1522 1507 bozye.‹

363 1553 396 1608 ln
419 1554 467 1612 iol.
492 1554 652 1624 praeligato
676 1562 809 1610 notatur:
838 1553 934 1624 »Mag
958 1553 1059 1609 Petrus
1076 1554 1189 1624 Stupna
1209 1554 1288 1609 dedit
1305 1553 1442 1609 nacioni«
1461 1553 1518 1622 (z
1531 1553 1658 1623 collegio

261 1641 390 1696 nationis
414 1640 608 1710 bohemicae).
643 1640 795 1712 Operculis
820 1642 1002 1712 adglutinata
1026 1647 1095 1696 sunt
1118 1641 1279 1710 fragmenta
1302 1643 1395 1697 chart.
1420 1643 1576 1696 cuiusdam
1612 1655 1655 1694 re·

260 1727 342 1798 gistri
365 1735 565 1798 perceptorum
589 1744 667 1785 saec.
681 1727 858 1795 le-XV‚
882 1730 912 1782 in
936 1744 994 1798 quo
1018 1735 1131 1798 praeter
1154 1729 1212 1782 alia
1234 1733 1373 1784 notantur
1397 1735 1531 1798 percepta
1549 1729 1584 1782 de
1608 1743 1661 1797 op-

260 1815 330 1885 pido
357 1813 546 1870 »Falinaw«.
572 1813 663 1870 Vetus
688 1816 763 1886 sign.
788 1814 813 1884 J,
839 1815 888 1871 21.

365 2001 447 2083 580
710 2001 778 2076 IV.
810 1999 855 2074 Α.
883 2000 918 2074 d.
939 2015 982 2078 tr.
1003 2015 1037 2066 u.
1058 2017 1080 2066 1.
1100 2031 1125 2066 n.
1145 2017 1181 2077 r.)

262 2142 370 2203 chari.
392 2159 480 2203 saec.
504 2139 592 2204 XIV
610 2160 656 2203 ex.
681 2141 820 2221 (13942)
831 2139 877 2222 ff.
900 2140 967 2201 279
988 2157 1092 2208 natm,
1122 2139 1265 2201 30><22
1288 2157 1351 2202 cm.
1377 2142 1408 2200 d.
1435 2159 1478 2202 m.

364 2264 384 2324 l.
413 2260 565 2325 11-1091
589 2262 746 2341 (anepigr.)
769 2261 1003 2324 Collectorum
1027 2267 1062 2322 et
1084 2265 1322 2322 extractorum
1346 2262 1388 2324 de
1420 2279 1448 2323 s.
1471 2262 1661 2338 Augustini

261 2350 538 2413 enarrationibus
561 2349 598 2411 in
623 2349 780 2427 psalmos
812 2354 930 2426 partes
952 2346 1014 2408 Vll
1036 2349 1072 2408 in
1096 2364 1201 2408 usum
1223 2348 1502 2425 praedicatorum
1524 2348 1660 2411 duobus

260 2435 417 2584 {effisffls
439 2437 648 2585 ἰῇπξιέοξαε.
698 2435 897 2513 ›Perpendat
930 2439 1047 2495 caritas
1082 2441 1210 2495 vestre«
1237 2437 1269 2491 ><
1297 2435 1425 2496 »Simile
1449 2442 1500 2496 est
1523 2453 1658 2512 regnum

364 2634 384 2689 l.
413 2624 613 2690 110‘1—209b
636 2625 802 2704 (Thomas
825 2624 867 2686 de
889 2623 1115 2702 Argentinail
1131 2622 1303 2702 Excerpta
1317 2625 1359 2685 de
1372 2623 1528 2700 Gregorii
1543 2624 1660 2703 Magni

261 2713 451 2776 Moralibus
485 2723 521 2776 et
555 2712 709 2776 homiliis
743 2727 849 2789 super
881 2709 1107 2772 Ezechielem.
1156 2710 1338 2789 »Quoniam
1375 2728 1492 2772 sumus
1529 2716 1561 2774 in
1596 2714 1659 2773 hoc

261 2803 403 2862 mundo«
431 2805 461 2861 >a
488 2801 634 2862 »Etenim
657 2800 828 2862 iudeorum
853 2799 1010 2876 populum
1034 2797 1193 2875 propheta
1217 2799 1298 2858 deo«
1325 2801 1448 2872 (cetera
1472 2799 1592 2860 desunt
1609 2818 1658 2859 se-

261 2894 379 2967 quente
403 2889 478 2949 lolio
501 2887 630 2968 vacuo).
654 2885 780 2946 Novem
797 2885 849 2946 iol.
868 2885 1081 2964 sequentibus
1098 2901 1165 2945 non
1184 2901 1271 2944 num.
1291 2890 1473 2946 continetur
1488 2890 1659 2963 registrum

261 2991 377 3054 opens.

365 3079 383 3139 l.
409 3074 614 3140 210⁸—216b
652 3077 775 3138 Divisio
817 3075 1037 3135 membrorum
1079 3074 1189 3135 »Diete
1213 3077 1346 3137 salutis«
1384 3083 1416 3138 et
1449 3077 1558 3137 tabula
1592 3078 1662 3136 the·

261 3173 384 3226 matum
409 3165 648 3227 dominicalium
673 3163 933 3241 festivaliumque
958 3177 1058 3239 super
1080 3162 1229 3222 eandem.

365 3269 384 3329 l.
410 3264 615 3330 2161-279ι
637 3267 671 3328 S.
694 3265 961 3328 Bonaventurae
984 3263 1107 3326 Diaeta
1130 3264 1263 3327 salutis.
1304 3267 1434 3347 »Incipit
1457 3271 1567 3329 titulus
1590 3267 1662 3328 'l'ri-

262 3357 424 3433 umphaiis
447 3360 501 3416 via
521 3357 572 3415 vel
597 3354 689 3416 Dicta
713 3355 827 3414 salutis
849 3357 988 3412 vocatus
1013 3359 1044 3411 et
1068 3357 1172 3430 primo
1196 3353 1410 3430 prohemium.
1435 3355 1504 3416 Hec
1528 3361 1579 3415 est
1599 3360 1660 3426 via,

261 3443 424 3503 ambulate
448 3447 560 3504 inea«
589 3445 621 3500 ><
647 3440 805 3518 »Explicit
828 3439 913 3498 dieta
936 3439 1050 3498 salutis
1074 3445 1106 3498 et
1129 3440 1273 3500 themata
1306 3441 1513 3502 dominicalia
1545 3460 1584 3504 ac
1621 3443 1661 3502 de

263 3533 395 3596 sanctis,
420 3535 452 3589 ei
474 3537 525 3590 est
547 3529 637 3590 linita
659 3546 687 3588 a.
713 3527 743 3587 d.
768 3522 818 3585 ill
841 3520 939 3586 CCC⁰
961 3521 1020 3585 lX⁰
1043 3521 1108 3587 lili⁰
1130 3524 1277 3604 (13941).

365 3652 517 3723 Operculis
541 3655 669 3724 adligata
691 3657 761 3707 sunt
783 3653 843 3704 duo
878 3649 1038 3718 fragmenta
1061 3653 1220 3708 membran.
1245 3653 1383 3708 Breviarii
1408 3669 1486 3709 saec.
1519 3653 1596 3716 XIV,
1631 3657 1661 3709 in

261 3755 385 3810 quorum
409 3755 504 3811 super.
529 3755 618 3795 manu
651 3755 729 3798 saec.
760 3735 815 3792 XV
839 3743 940 3792 notata
968 3745 1038 3792 sunt
1072 3743 1220 3795 contenta.
1267 3738 1299 3794 In
1333 3739 1390 3795 hac
1425 3747 1495 3795 nota
1530 3757 1604 3811 opus
1640 3738 1660 3798 1.

267 3826 432 3882 110-209
456 3827 623 3883 attribuitur
644 3825 773 3882 Thomas
802 3825 838 3878 de
861 3823 1030 3893 Argentina.
1077 3823 1111 3878 in
1134 3825 1225 3880 ironle
1249 3825 1401 3896 fragmenti
1425 3827 1505 3883 infer.
1545 3835 1663 3883 notatur

261 3915 384 3982 pretium
406 3913 471 3969 libri
494 3929 583 3970 manu
607 3915 738 3968 eiusdem
761 3910 890 3966 saeculi:
919 3909 977 3964 »25
994 3913 1122 3966 sexterni
1145 3927 1197 3981 pro
1214 3914 1331 3968 duabus
1351 3915 1539 3984 sexagenis«
1567 3913 1661 3970 Vetus

263 4001 337 4070 sign.
361 3999 397 4068 Α,
427 4001 455 4055 2.

367 4166 435 4248 581
733 4166 800 4240 IV.
831 4165 875 4238 Α.
903 4167 939 4238 5.
969 4181 1013 4241 (Υ.
1033 4181 1083 4232 ur.
1100 4185 1125 4234 5.
1147 4199 1172 4236 n.
1190 4188 1228 4248 5.)

262 4309 368 4369 ¹lutri.
390 4325 477 4369 saec.
501 4307 586 4368 XIV
606 4327 652 4372 ex.
664 4308 710 4390 ff.
735 4309 800 4370 163
823 4324 925 4376 nerim,
948 4306 1119 4368 29·5><21
1146 4326 1208 4369 cm.
1234 4309 1264 4370 d.
1288 4327 1333 4371 m.
1379 4385 1383 4396 ι

367 4429 387 4489 1.
416 4433 426 4489 1
455 4426 729 4506 (membru—14¹³
753 4425 933 4507 (Tancredi
955 4444 976 4487 a
999 4425 1153 4490 Corneto
1186 4445 1251 4491 seu
1284 4429 1534 4508 Bononiensis)
1568 4428 1664 4491 Ordo

264 4515 475 4578 iudiciarius.
515 4517 686 4576 »Assiduis
711 4515 990 4594 postulacionibus
1015 4531 1076 4583 me,
1112 4517 1274 4577 karissimi
1311 4522 1401 4589 socii,
1436 4522 1500 4578 iam
1536 4516 1662 4578 dudum

263 4603 416 4664 inducere
439 4603 630 4664 studuistis«
656 4605 689 4662 ><
715 4605 784 4663 »vel
807 4608 937 4664 inimico
962 4604 1042 4675 eius,
1067 4609 1180 4663 contra
1203 4621 1300 4681 quem
1333 4604 1552 4664 testificatur<
1602 4603 1661 4665 Ce-

264 4697 331 4750 tera
353 4689 473 4750 desunt
501 4689 612 4751 10lol.
638 4691 851 4767 sequentibus
876 4690 1008 4750 evulsis.
1042 4689 1105 4760 (De
1129 4696 1261 4750 auctore
1285 4691 1324 4752 cl.
1351 4691 1441 4752 Font.
1468 4709 1524 4751 rer.
1551 4692 1660 4752 Austr.

263 4775 297 4850 ll,
321 4776 351 4844 6,
379 4779 390 4838 l
420 4783 451 4837 et
474 4775 606 4838 Schuite
630 4775 750 4838 Gesch.
776 4777 806 4837 d.
831 4776 868 4855 Q.
894 4777 926 4850 l.,
955 4776 1039 4851 199.)

367 4879 388 4939 i.
416 4878 573 4941 lbi-llib
597 4879 779 4958 Registrum
803 4883 1001 4941 collectionis
1026 4881 1260 4957 subsequentis
1283 4885 1372 4942 initio
1397 4884 1553 4942 mutilum.

368 4983 386 5045 l.
416 4981 594 5046 lii—139b
635 4983 781 5046 Formae
814 4984 992 5045 literarum
1027 4988 1062 5045 et
1095 4984 1410 5046 instrumentorum
1444 4985 1662 5063 publicorum

265 5069 417 5132 maxima
440 5087 483 5132 ex
506 5077 604 5149 parte
627 5087 684 5132 res
707 5071 907 5134 bohemicas
939 5071 990 5148 (in
1014 5067 1083 5133 line
1107 5087 1164 5132 res
1194 5072 1435 5135 universitatis
1460 5073 1662 5149 Pragensis)

939 5295 988 5344 237
