<?xml version="1.0" encoding="UTF-8"?>
<!DOCTYPE html PUBLIC "-//W3C//DTD XHTML 1.0 Transitional//EN"
    "http://www.w3.org/TR/xhtml1/DTD/xhtml1-transitional.dtd">
<html xmlns="http://www.w3.org/1999/xhtml" xml:lang="en" lang="en">
 <head>
  <title>
</title>
<meta http-equiv="Content-Type" content="text/html;charset=utf-8" />
  <meta name='ocr-system' content='tesseract 3.04.00' />
  <meta name='ocr-capabilities' content='ocr_page ocr_carea ocr_par ocr_line ocrx_word'/>
</head>
<body>
  <div class='ocr_page' id='page_1' title='image "./cataloguscodicu00prazgoog_0461.png"; bbox 0 0 3938 6010; ppageno 0'>
   <div class='ocr_carea' id='block_1_1' title="bbox 888 578 968 640">
    <p class='ocr_par' dir='ltr' id='par_1_1' title="bbox 888 578 968 640">
     <span class='ocr_line' id='line_1_1' title="bbox 888 578 968 640; baseline -0.025 0"><span class='ocrx_word' id='word_1_1' title='bbox 888 578 968 640; x_wconf 88' lang='grc'>1065</span> 
     </span>
    </p>
   </div>
   <div class='ocr_carea' id='block_1_2' title="bbox 333 784 1020 872">
    <p class='ocr_par' dir='ltr' id='par_1_2' title="bbox 333 784 1020 872">
     <span class='ocr_line' id='line_1_2' title="bbox 333 784 1020 872; baseline -0.016 -2"><span class='ocrx_word' id='word_1_2' title='bbox 333 787 417 872; x_wconf 95' lang='grc' dir='ltr'><strong>106Ι</strong></span> <span class='ocrx_word' id='word_1_3' title='bbox 826 784 891 861; x_wconf 93' lang='lat' dir='ltr'><strong>VI.</strong></span> <span class='ocrx_word' id='word_1_4' title='bbox 920 785 957 861; x_wconf 86' lang='lat' dir='ltr'><strong>C.</strong></span> <span class='ocrx_word' id='word_1_5' title='bbox 984 784 1020 859; x_wconf 76' lang='grc'><strong>3.</strong></span> 
     </span>
    </p>
   </div>
   <div class='ocr_carea' id='block_1_3' title="bbox 224 925 1183 1010">
    <p class='ocr_par' dir='ltr' id='par_1_3' title="bbox 224 925 1183 1010">
     <span class='ocr_line' id='line_1_3' title="bbox 224 925 1183 1010; baseline -0.006 -18"><span class='ocrx_word' id='word_1_6' title='bbox 224 931 330 992; x_wconf 82' lang='lat' dir='ltr'><strong>chart.</strong></span> <span class='ocrx_word' id='word_1_7' title='bbox 351 946 439 991; x_wconf 85' lang='lat' dir='ltr'><strong>saec.</strong></span> <span class='ocrx_word' id='word_1_8' title='bbox 462 926 569 991; x_wconf 88' lang='lat' dir='ltr'>XVII</span> <span class='ocrx_word' id='word_1_9' title='bbox 574 928 621 1010; x_wconf 86' lang='lat' dir='ltr'><strong>ff.</strong></span> <span class='ocrx_word' id='word_1_10' title='bbox 648 927 690 990; x_wconf 85' lang='grc'><strong>74</strong></span> <span class='ocrx_word' id='word_1_11' title='bbox 713 944 818 1000; x_wconf 67' lang='lat' dir='ltr'><strong>naen„</strong></span> <span class='ocrx_word' id='word_1_12' title='bbox 841 925 985 988; x_wconf 84' lang='lat'><strong><em>33&gt;&lt;23</em></strong></span> <span class='ocrx_word' id='word_1_13' title='bbox 1007 941 1070 986; x_wconf 88' lang='lat' dir='ltr'><strong>cm.</strong></span> <span class='ocrx_word' id='word_1_14' title='bbox 1095 925 1113 986; x_wconf 92' lang='grc'><strong>1</strong></span> <span class='ocrx_word' id='word_1_15' title='bbox 1138 941 1183 986; x_wconf 87' lang='lat' dir='ltr'><strong>m.</strong></span> 
     </span>
    </p>
   </div>
   <div class='ocr_carea' id='block_1_4' title="bbox 222 1044 1626 1381">
    <p class='ocr_par' dir='ltr' id='par_1_4' title="bbox 227 1044 1626 1129">
     <span class='ocr_line' id='line_1_4' title="bbox 227 1044 1626 1129; baseline -0.001 -19"><span class='ocrx_word' id='word_1_16' title='bbox 227 1048 363 1112; x_wconf 82' lang='lat' dir='ltr'><strong>»Notata</strong></span> <span class='ocrx_word' id='word_1_17' title='bbox 386 1048 597 1112; x_wconf 85' lang='lat' dir='ltr'><strong>Comeliana‹</strong></span> <span class='ocrx_word' id='word_1_18' title='bbox 630 1049 683 1129; x_wconf 90' lang='lat'><strong>(=</strong></span> <span class='ocrx_word' id='word_1_19' title='bbox 697 1047 870 1126; x_wconf 83' lang='lat' dir='ltr'><strong>Excerpta</strong></span> <span class='ocrx_word' id='word_1_20' title='bbox 894 1063 938 1110; x_wconf 86' lang='lat' dir='ltr'><strong>ex</strong></span> <span class='ocrx_word' id='word_1_21' title='bbox 961 1045 1112 1108; x_wconf 89' lang='lat' dir='ltr'><strong>diversis</strong></span> <span class='ocrx_word' id='word_1_22' title='bbox 1138 1044 1237 1108; x_wconf 91' lang='lat' dir='ltr'><strong>libris</strong></span> <span class='ocrx_word' id='word_1_23' title='bbox 1260 1044 1467 1124; x_wconf 80' lang='lat' dir='ltr'><strong>theologicis</strong></span> <span class='ocrx_word' id='word_1_24' title='bbox 1489 1051 1524 1109; x_wconf 91' lang='lat' dir='ltr'><strong>et</strong></span> <span class='ocrx_word' id='word_1_25' title='bbox 1546 1063 1626 1125; x_wconf 87' lang='lat' dir='ltr'><strong>pro-</strong></span> 
     </span>
    </p>

    <p class='ocr_par' dir='ltr' id='par_1_5' title="bbox 222 1131 1625 1212">
     <span class='ocr_line' id='line_1_5' title="bbox 222 1131 1625 1212; baseline -0.001 -14"><span class='ocrx_word' id='word_1_26' title='bbox 222 1137 315 1199; x_wconf 79' lang='lat' dir='ltr'><strong>fanis</strong></span> <span class='ocrx_word' id='word_1_27' title='bbox 338 1136 485 1200; x_wconf 86' lang='lat' dir='ltr'><strong>collecta</strong></span> <span class='ocrx_word' id='word_1_28' title='bbox 508 1137 550 1199; x_wconf 86' lang='lat' dir='ltr'><strong>ab</strong></span> <span class='ocrx_word' id='word_1_29' title='bbox 573 1131 728 1199; x_wconf 83' lang='lat' dir='ltr'><strong>Antonio</strong></span> <span class='ocrx_word' id='word_1_30' title='bbox 750 1135 939 1197; x_wconf 87' lang='lat' dir='ltr'><strong>Adalberto</strong></span> <span class='ocrx_word' id='word_1_31' title='bbox 961 1132 1099 1208; x_wconf 88' lang='lat' dir='ltr'><strong>Comei,</strong></span> <span class='ocrx_word' id='word_1_32' title='bbox 1122 1133 1196 1194; x_wconf 89' lang='lat' dir='ltr'><strong>ord.</strong></span> <span class='ocrx_word' id='word_1_33' title='bbox 1212 1131 1244 1195; x_wconf 91' lang='lat' dir='ltr'><strong>S.</strong></span> <span class='ocrx_word' id='word_1_34' title='bbox 1261 1131 1449 1208; x_wconf 78' lang='lat' dir='ltr'>Benedicti,</span> <span class='ocrx_word' id='word_1_35' title='bbox 1472 1135 1625 1212; x_wconf 82' lang='lat' dir='ltr'>parocho</span> 
     </span>
    </p>

    <p class='ocr_par' dir='ltr' id='par_1_6' title="bbox 222 1220 1623 1381">
     <span class='ocr_line' id='line_1_6' title="bbox 222 1220 1623 1302; baseline -0.003 -16"><span class='ocrx_word' id='word_1_36' title='bbox 222 1223 479 1298; x_wconf 80' lang='lat' dir='ltr'><strong>Lultawicensi,</strong></span> <span class='ocrx_word' id='word_1_37' title='bbox 505 1227 559 1302; x_wconf 93' lang='lat' dir='ltr'><strong>qui</strong></span> <span class='ocrx_word' id='word_1_38' title='bbox 583 1228 679 1285; x_wconf 88' lang='lat' dir='ltr'><strong>etiam</strong></span> <span class='ocrx_word' id='word_1_39' title='bbox 702 1220 952 1283; x_wconf 85' lang='lat' dir='ltr'><strong>Testamentum</strong></span> <span class='ocrx_word' id='word_1_40' title='bbox 985 1235 1082 1280; x_wconf 90' lang='lat' dir='ltr'><strong>suum</strong></span> <span class='ocrx_word' id='word_1_41' title='bbox 1117 1220 1280 1298; x_wconf 78' lang='lat' dir='ltr'>originale,</span> <span class='ocrx_word' id='word_1_42' title='bbox 1319 1224 1541 1298; x_wconf 89' lang='lat' dir='ltr'><strong>conscriptum</strong></span> <span class='ocrx_word' id='word_1_43' title='bbox 1576 1220 1623 1282; x_wconf 86' lang='grc'><strong>17.</strong></span> 
     </span>
     <span class='ocr_line' id='line_1_7' title="bbox 675 1307 1174 1381; baseline -0.004 -11"><span class='ocrx_word' id='word_1_44' title='bbox 675 1310 743 1370; x_wconf 89' lang='lat' dir='ltr'><strong>dec.</strong></span> <span class='ocrx_word' id='word_1_45' title='bbox 774 1308 864 1381; x_wconf 83' lang='lat'><strong>1693,</strong></span> <span class='ocrx_word' id='word_1_46' title='bbox 889 1307 994 1369; x_wconf 92' lang='lat' dir='ltr'><strong>codici</strong></span> <span class='ocrx_word' id='word_1_47' title='bbox 1017 1310 1174 1380; x_wconf 89' lang='lat' dir='ltr'><strong>inseruit).</strong></span> 
     </span>
    </p>
   </div>
   <div class='ocr_carea' id='block_1_5' title="bbox 330 1478 1019 1563">
    <p class='ocr_par' dir='ltr' id='par_1_7' title="bbox 330 1478 1019 1563">
     <span class='ocr_line' id='line_1_8' title="bbox 330 1478 1019 1563; baseline -0.016 0"><span class='ocrx_word' id='word_1_48' title='bbox 330 1480 427 1563; x_wconf 89' lang='grc'><strong>1062</strong></span> <span class='ocrx_word' id='word_1_49' title='bbox 826 1479 889 1555; x_wconf 94' lang='lat' dir='ltr'><strong>VI.</strong></span> <span class='ocrx_word' id='word_1_50' title='bbox 920 1479 955 1554; x_wconf 88' lang='lat' dir='ltr'><strong>C.</strong></span> <span class='ocrx_word' id='word_1_51' title='bbox 981 1478 1019 1553; x_wconf 81' lang='grc'><strong>4.</strong></span> 
     </span>
    </p>
   </div>
   <div class='ocr_carea' id='block_1_6' title="bbox 221 1619 1442 1824">
    <p class='ocr_par' dir='ltr' id='par_1_8' title="bbox 221 1619 1442 1824">
     <span class='ocr_line' id='line_1_9' title="bbox 221 1619 1204 1701; baseline -0.004 -17"><span class='ocrx_word' id='word_1_52' title='bbox 221 1622 408 1684; x_wconf 81' lang='lat' dir='ltr'><strong><em>membran.</em></strong></span> <span class='ocrx_word' id='word_1_53' title='bbox 432 1639 519 1686; x_wconf 85' lang='lat' dir='ltr'><strong>saec.</strong></span> <span class='ocrx_word' id='word_1_54' title='bbox 544 1620 632 1686; x_wconf 90' lang='lat' dir='ltr'><strong>XIV</strong></span> <span class='ocrx_word' id='word_1_55' title='bbox 651 1622 694 1684; x_wconf 79' lang='lat' dir='ltr'><strong>iu.</strong></span> <span class='ocrx_word' id='word_1_56' title='bbox 709 1619 759 1701; x_wconf 89' lang='lat' dir='ltr'><strong>ss.</strong></span> <span class='ocrx_word' id='word_1_57' title='bbox 781 1621 835 1696; x_wconf 87' lang='lat'><strong>80,</strong></span> <span class='ocrx_word' id='word_1_58' title='bbox 856 1619 1008 1698; x_wconf 77' lang='lat'><em>34&gt;&lt;24</em></span> <span class='ocrx_word' id='word_1_59' title='bbox 1030 1638 1092 1682; x_wconf 86' lang='lat' dir='ltr'><strong>cm.</strong></span> <span class='ocrx_word' id='word_1_60' title='bbox 1115 1621 1134 1683; x_wconf 90' lang='grc'><strong>1</strong></span> <span class='ocrx_word' id='word_1_61' title='bbox 1159 1636 1204 1680; x_wconf 88' lang='lat' dir='ltr'><strong>m.</strong></span> 
     </span>
     <span class='ocr_line' id='line_1_10' title="bbox 398 1741 1442 1824; baseline -0.005 -18"><span class='ocrx_word' id='word_1_62' title='bbox 398 1743 692 1824; x_wconf 82' lang='lat' dir='ltr'><strong>Antiphonarium</strong></span> <span class='ocrx_word' id='word_1_63' title='bbox 715 1743 809 1805; x_wconf 89' lang='lat' dir='ltr'><strong>notis</strong></span> <span class='ocrx_word' id='word_1_64' title='bbox 832 1742 977 1805; x_wconf 81' lang='lat' dir='ltr'>musicis</span> <span class='ocrx_word' id='word_1_65' title='bbox 999 1758 1063 1820; x_wconf 91' lang='lat' dir='ltr'><strong>per</strong></span> <span class='ocrx_word' id='word_1_66' title='bbox 1083 1745 1197 1803; x_wconf 88' lang='lat' dir='ltr'><strong>totum</strong></span> <span class='ocrx_word' id='word_1_67' title='bbox 1221 1741 1442 1803; x_wconf 88' lang='lat' dir='ltr'><strong>instructum.</strong></span> 
     </span>
    </p>
   </div>
   <div class='ocr_carea' id='block_1_7' title="bbox 327 1896 1021 1998">
    <p class='ocr_par' dir='ltr' id='par_1_9' title="bbox 327 1896 1021 1998">
     <span class='ocr_line' id='line_1_11' title="bbox 327 1896 1021 1998; baseline -0.012 -2"><span class='ocrx_word' id='word_1_68' title='bbox 327 1896 425 1998; x_wconf 80' lang='lat' dir='ltr'><strong>tuta</strong></span> <span class='ocrx_word' id='word_1_69' title='bbox 828 1915 892 1990; x_wconf 78' lang='lat' dir='ltr'><strong>tu.</strong></span> <span class='ocrx_word' id='word_1_70' title='bbox 924 1914 959 1990; x_wconf 82' lang='lat' dir='ltr'><strong>o.</strong></span> <span class='ocrx_word' id='word_1_71' title='bbox 985 1916 1021 1990; x_wconf 81' lang='lat'><strong>5.</strong></span> 
     </span>
    </p>
   </div>
   <div class='ocr_carea' id='block_1_8' title="bbox 220 2053 967 2136">
    <p class='ocr_par' dir='ltr' id='par_1_10' title="bbox 220 2053 967 2136">
     <span class='ocr_line' id='line_1_12' title="bbox 220 2053 967 2136; baseline 0.001 -20"><span class='ocrx_word' id='word_1_72' title='bbox 220 2055 328 2118; x_wconf 86' lang='lat' dir='ltr'><strong>chari.</strong></span> <span class='ocrx_word' id='word_1_73' title='bbox 352 2075 384 2116; x_wconf 86' lang='lat' dir='ltr'><strong>a.</strong></span> <span class='ocrx_word' id='word_1_74' title='bbox 408 2056 495 2119; x_wconf 80' lang='grc'><strong>1746</strong></span> <span class='ocrx_word' id='word_1_75' title='bbox 507 2053 556 2136; x_wconf 86' lang='lat' dir='ltr'><strong>ss.</strong></span> <span class='ocrx_word' id='word_1_76' title='bbox 581 2057 611 2130; x_wconf 87' lang='lat'><strong>7,</strong></span> <span class='ocrx_word' id='word_1_77' title='bbox 633 2057 777 2119; x_wconf 82' lang='lat'><strong><em>33&gt;&lt;22</em></strong></span> <span class='ocrx_word' id='word_1_78' title='bbox 799 2056 895 2120; x_wconf 90' lang='lat' dir='ltr'><strong>cm.1</strong></span> <span class='ocrx_word' id='word_1_79' title='bbox 921 2075 967 2118; x_wconf 91' lang='lat' dir='ltr'><strong>m.</strong></span> 
     </span>
    </p>
   </div>
   <div class='ocr_carea' id='block_1_9' title="bbox 216 2175 1621 2598">
    <p class='ocr_par' dir='ltr' id='par_1_11' title="bbox 217 2175 1619 2256">
     <span class='ocr_line' id='line_1_13' title="bbox 217 2175 1619 2256; baseline 0.001 -19"><span class='ocrx_word' id='word_1_80' title='bbox 217 2177 495 2240; x_wconf 80' lang='lat' dir='ltr'><strong>instrumentum</strong></span> <span class='ocrx_word' id='word_1_81' title='bbox 517 2177 647 2256; x_wconf 78' lang='lat' dir='ltr'>publici</span> <span class='ocrx_word' id='word_1_82' title='bbox 670 2178 797 2242; x_wconf 90' lang='lat' dir='ltr'><strong>notarii</strong></span> <span class='ocrx_word' id='word_1_83' title='bbox 820 2194 928 2256; x_wconf 90' lang='lat' dir='ltr'><strong>super</strong></span> <span class='ocrx_word' id='word_1_84' title='bbox 959 2175 1196 2240; x_wconf 89' lang='lat' dir='ltr'><strong>benedictione</strong></span> <span class='ocrx_word' id='word_1_85' title='bbox 1227 2182 1262 2237; x_wconf 90' lang='lat' dir='ltr'><strong>et</strong></span> <span class='ocrx_word' id='word_1_86' title='bbox 1291 2175 1498 2239; x_wconf 88' lang='lat' dir='ltr'><strong>iniulatione</strong></span> <span class='ocrx_word' id='word_1_87' title='bbox 1533 2175 1619 2240; x_wconf 91' lang='lat' dir='ltr'><strong>Tho-</strong></span> 
     </span>
    </p>

    <p class='ocr_par' dir='ltr' id='par_1_12' title="bbox 218 2261 1619 2342">
     <span class='ocr_line' id='line_1_14' title="bbox 218 2261 1619 2342; baseline 0.001 -17"><span class='ocrx_word' id='word_1_88' title='bbox 218 2280 295 2326; x_wconf 86' lang='lat' dir='ltr'><strong>mae</strong></span> <span class='ocrx_word' id='word_1_89' title='bbox 318 2262 419 2326; x_wconf 91' lang='lat' dir='ltr'><strong>Girth</strong></span> <span class='ocrx_word' id='word_1_90' title='bbox 443 2265 480 2326; x_wconf 92' lang='lat' dir='ltr'><strong>in</strong></span> <span class='ocrx_word' id='word_1_91' title='bbox 502 2265 663 2328; x_wconf 79' lang='lat' dir='ltr'><strong>abbatem</strong></span> <span class='ocrx_word' id='word_1_92' title='bbox 679 2265 849 2329; x_wconf 78' lang='lat' dir='ltr'><strong>canoniae</strong></span> <span class='ocrx_word' id='word_1_93' title='bbox 868 2264 1118 2340; x_wconf 85' lang='lat' dir='ltr'><strong>Carloviensis,</strong></span> <span class='ocrx_word' id='word_1_94' title='bbox 1141 2266 1282 2342; x_wconf 83' lang='lat' dir='ltr'><strong>peracta</strong></span> <span class='ocrx_word' id='word_1_95' title='bbox 1296 2262 1459 2326; x_wconf 86' lang='lat' dir='ltr'><strong>Wollnae</strong></span> <span class='ocrx_word' id='word_1_96' title='bbox 1472 2261 1525 2326; x_wconf 87' lang='lat'><strong>26.</strong></span> <span class='ocrx_word' id='word_1_97' title='bbox 1549 2263 1619 2327; x_wconf 85' lang='lat' dir='ltr'><strong>ian.</strong></span> 
     </span>
    </p>

    <p class='ocr_par' dir='ltr' id='par_1_13' title="bbox 219 2346 1619 2431">
     <span class='ocr_line' id='line_1_15' title="bbox 219 2346 1619 2431; baseline 0.002 -20"><span class='ocrx_word' id='word_1_98' title='bbox 219 2348 301 2412; x_wconf 79' lang='lat'>1745</span> <span class='ocrx_word' id='word_1_99' title='bbox 324 2351 566 2430; x_wconf 89' lang='lat' dir='ltr'><strong>—copiatum</strong></span> <span class='ocrx_word' id='word_1_100' title='bbox 589 2357 624 2414; x_wconf 91' lang='lat' dir='ltr'><strong>et</strong></span> <span class='ocrx_word' id='word_1_101' title='bbox 656 2369 737 2415; x_wconf 90' lang='lat' dir='ltr'><strong>cum</strong></span> <span class='ocrx_word' id='word_1_102' title='bbox 770 2351 930 2431; x_wconf 83' lang='lat' dir='ltr'><strong>originali</strong></span> <span class='ocrx_word' id='word_1_103' title='bbox 963 2351 1129 2415; x_wconf 90' lang='lat' dir='ltr'><strong>collatum</strong></span> <span class='ocrx_word' id='word_1_104' title='bbox 1163 2367 1192 2413; x_wconf 88' lang='lat' dir='ltr'><strong>a.</strong></span> <span class='ocrx_word' id='word_1_105' title='bbox 1231 2346 1323 2411; x_wconf 81' lang='grc'><strong>1146.</strong></span> <span class='ocrx_word' id='word_1_106' title='bbox 1369 2350 1507 2424; x_wconf 88' lang='lat' dir='ltr'><strong>(Inserta</strong></span> <span class='ocrx_word' id='word_1_107' title='bbox 1541 2358 1619 2414; x_wconf 89' lang='lat' dir='ltr'><strong>sunt</strong></span> 
     </span>
    </p>

    <p class='ocr_par' dir='ltr' id='par_1_14' title="bbox 216 2436 1621 2598">
     <span class='ocr_line' id='line_1_16' title="bbox 216 2436 1621 2518; baseline 0.001 -21"><span class='ocrx_word' id='word_1_108' title='bbox 216 2441 431 2500; x_wconf 86' lang='lat' dir='ltr'><strong>instrumenta</strong></span> <span class='ocrx_word' id='word_1_109' title='bbox 453 2443 696 2515; x_wconf 65' lang='lat' dir='ltr'><strong>nominationis</strong></span> <span class='ocrx_word' id='word_1_110' title='bbox 718 2443 938 2509; x_wconf 86' lang='lat' dir='ltr'><strong>investiturae,</strong></span> <span class='ocrx_word' id='word_1_111' title='bbox 963 2439 1183 2518; x_wconf 88' lang='lat' dir='ltr'><strong>deputationis</strong></span> <span class='ocrx_word' id='word_1_112' title='bbox 1207 2453 1268 2497; x_wconf 90' lang='lat' dir='ltr'><strong>seu</strong></span> <span class='ocrx_word' id='word_1_113' title='bbox 1291 2436 1513 2516; x_wconf 78' lang='lat' dir='ltr'><strong>delegationis</strong></span> <span class='ocrx_word' id='word_1_114' title='bbox 1533 2441 1621 2499; x_wconf 86' lang='lat' dir='ltr'><strong>iura-</strong></span> 
     </span>
     <span class='ocr_line' id='line_1_17' title="bbox 857 2529 981 2598; baseline 0 -12"><span class='ocrx_word' id='word_1_115' title='bbox 857 2529 981 2598; x_wconf 90' lang='lat' dir='ltr'><strong>menti.)</strong></span> 
     </span>
    </p>
   </div>
   <div class='ocr_carea' id='block_1_10' title="bbox 320 2625 1185 2704">
    <p class='ocr_par' dir='ltr' id='par_1_15' title="bbox 320 2625 1185 2704">
     <span class='ocr_line' id='line_1_18' title="bbox 320 2625 1185 2704; baseline 0 -16"><span class='ocrx_word' id='word_1_116' title='bbox 320 2632 420 2688; x_wconf 85' lang='lat' dir='ltr'><strong>Codex</strong></span> <span class='ocrx_word' id='word_1_117' title='bbox 444 2634 491 2688; x_wconf 92' lang='lat' dir='ltr'><strong>hic</strong></span> <span class='ocrx_word' id='word_1_118' title='bbox 514 2635 577 2689; x_wconf 86' lang='lat' dir='ltr'><strong>sine</strong></span> <span class='ocrx_word' id='word_1_119' title='bbox 601 2635 692 2690; x_wconf 91' lang='lat' dir='ltr'><strong>dubio</strong></span> <span class='ocrx_word' id='word_1_120' title='bbox 716 2650 731 2690; x_wconf 91' lang='lat' dir='ltr'><strong>e</strong></span> <span class='ocrx_word' id='word_1_121' title='bbox 755 2633 882 2690; x_wconf 88' lang='lat' dir='ltr'><strong>canonia</strong></span> <span class='ocrx_word' id='word_1_122' title='bbox 905 2632 1021 2689; x_wconf 87' lang='lat' dir='ltr'><strong>Carlov.</strong></span> <span class='ocrx_word' id='word_1_123' title='bbox 1045 2625 1185 2704; x_wconf 85' lang='lat' dir='ltr'><strong>provehit.</strong></span> 
     </span>
    </p>
   </div>
   <div class='ocr_carea' id='block_1_11' title="bbox 321 2815 1035 2898">
    <p class='ocr_par' dir='ltr' id='par_1_16' title="bbox 321 2815 1035 2898">
     <span class='ocr_line' id='line_1_19' title="bbox 321 2815 1035 2898; baseline -0.003 -2"><span class='ocrx_word' id='word_1_124' title='bbox 321 2815 421 2898; x_wconf 87' lang='grc'><strong>1064</strong></span> <span class='ocrx_word' id='word_1_125' title='bbox 839 2820 903 2894; x_wconf 87' lang='lat' dir='ltr'><strong>VI.</strong></span> <span class='ocrx_word' id='word_1_126' title='bbox 932 2819 971 2895; x_wconf 90' lang='lat' dir='ltr'><strong>C.</strong></span> <span class='ocrx_word' id='word_1_127' title='bbox 999 2820 1035 2894; x_wconf 85' lang='grc'><strong>6.</strong></span> 
     </span>
    </p>
   </div>
   <div class='ocr_carea' id='block_1_12' title="bbox 214 2955 1613 3162">
    <p class='ocr_par' dir='ltr' id='par_1_17' title="bbox 214 2955 1613 3162">
     <span class='ocr_line' id='line_1_20' title="bbox 214 2955 1004 3041; baseline 0.001 -23"><span class='ocrx_word' id='word_1_128' title='bbox 214 2955 322 3019; x_wconf 81' lang='lat' dir='ltr'><strong>chart.</strong></span> <span class='ocrx_word' id='word_1_129' title='bbox 347 2976 379 3020; x_wconf 84' lang='lat' dir='ltr'><strong>a.</strong></span> <span class='ocrx_word' id='word_1_130' title='bbox 402 2959 486 3021; x_wconf 84' lang='lat'><strong><em>1771</em></strong></span> <span class='ocrx_word' id='word_1_131' title='bbox 507 2959 546 3041; x_wconf 82' lang='lat' dir='ltr'><strong>ff.</strong></span> <span class='ocrx_word' id='word_1_132' title='bbox 569 2959 643 3034; x_wconf 82' lang='lat'><strong><em>245,</em></strong></span> <span class='ocrx_word' id='word_1_133' title='bbox 666 2959 805 3022; x_wconf 84' lang='lat'><em>33&gt;&lt;21</em></span> <span class='ocrx_word' id='word_1_134' title='bbox 831 2977 892 3021; x_wconf 87' lang='lat' dir='ltr'><strong>cm.</strong></span> <span class='ocrx_word' id='word_1_135' title='bbox 916 2959 934 3021; x_wconf 90' lang='lat'><strong><em>1</em></strong></span> <span class='ocrx_word' id='word_1_136' title='bbox 960 2977 1004 3020; x_wconf 89' lang='lat' dir='ltr'><strong>m.</strong></span> 
     </span>
     <span class='ocr_line' id='line_1_21' title="bbox 216 3074 1613 3162; baseline 0.002 -23"><span class='ocrx_word' id='word_1_137' title='bbox 216 3077 373 3156; x_wconf 83' lang='lat' dir='ltr'><strong>»Triplex</strong></span> <span class='ocrx_word' id='word_1_138' title='bbox 389 3074 557 3143; x_wconf 78' lang='lat' dir='ltr'><strong>Ciecbico</strong></span> <span class='ocrx_word' id='word_1_139' title='bbox 572 3078 728 3144; x_wconf 90' lang='lat' dir='ltr'><strong>Bobemo</strong></span> <span class='ocrx_word' id='word_1_140' title='bbox 742 3080 900 3160; x_wconf 86' lang='lat' dir='ltr'><strong>Pragena</strong></span> <span class='ocrx_word' id='word_1_141' title='bbox 914 3079 1017 3143; x_wconf 84' lang='lat' dir='ltr'><strong>Laus.</strong></span> <span class='ocrx_word' id='word_1_142' title='bbox 1043 3080 1145 3160; x_wconf 89' lang='lat' dir='ltr'><strong>Praga</strong></span> <span class='ocrx_word' id='word_1_143' title='bbox 1161 3081 1363 3162; x_wconf 79' lang='lat' dir='ltr'><strong>Quadriurbs</strong></span> <span class='ocrx_word' id='word_1_144' title='bbox 1379 3078 1613 3145; x_wconf 90' lang='lat' dir='ltr'><strong>Hradczanum</strong></span> 
     </span>
    </p>
   </div>
   <div class='ocr_carea' id='block_1_13' title="bbox 213 3163 1743 3244">
    <p class='ocr_par' dir='ltr' id='par_1_18' title="bbox 213 3163 1743 3244">
     <span class='ocr_line' id='line_1_22' title="bbox 213 3163 1743 3244; baseline 0.008 -20"><span class='ocrx_word' id='word_1_145' title='bbox 213 3163 381 3244; x_wconf 80' lang='lat' dir='ltr'><strong>Metropoli</strong></span> <span class='ocrx_word' id='word_1_146' title='bbox 405 3166 619 3228; x_wconf 88' lang='lat' dir='ltr'><strong>adnumerata</strong></span> <span class='ocrx_word' id='word_1_147' title='bbox 642 3169 705 3230; x_wconf 91' lang='lat' dir='ltr'><strong>hoc</strong></span> <span class='ocrx_word' id='word_1_148' title='bbox 729 3169 841 3230; x_wconf 89' lang='lat' dir='ltr'><strong>seculo</strong></span> <span class='ocrx_word' id='word_1_149' title='bbox 864 3167 963 3230; x_wconf 90' lang='lat' dir='ltr'>XVIII</span> <span class='ocrx_word' id='word_1_150' title='bbox 987 3168 1051 3229; x_wconf 88' lang='lat' dir='ltr'><strong>sub</strong></span> <span class='ocrx_word' id='word_1_151' title='bbox 1066 3165 1169 3230; x_wconf 83' lang='lat' dir='ltr'><strong>Maria</strong></span> <span class='ocrx_word' id='word_1_152' title='bbox 1183 3166 1319 3230; x_wconf 89' lang='lat' dir='ltr'><strong>Teresia</strong></span> <span class='ocrx_word' id='word_1_153' title='bbox 1338 3215 1345 3230; x_wconf 92' lang='lat'><strong>.</strong></span> <span class='ocrx_word' id='word_1_154' title='bbox 1364 3215 1373 3232; x_wconf 96' lang='lat'><strong>.</strong></span> <span class='ocrx_word' id='word_1_155' title='bbox 1391 3217 1399 3232; x_wconf 97' lang='lat'><strong>.</strong></span> <span class='ocrx_word' id='word_1_156' title='bbox 1417 3183 1459 3230; x_wconf 90' lang='lat' dir='ltr'><strong>ex</strong></span> <span class='ocrx_word' id='word_1_157' title='bbox 1476 3169 1614 3230; x_wconf 86' lang='lat' dir='ltr'><strong>diversis</strong></span> <span class='ocrx_word' id='word_1_158' title='bbox 1738 3227 1743 3236; x_wconf 94' lang='lat'><strong>.</strong></span> 
     </span>
    </p>
   </div>
   <div class='ocr_carea' id='block_1_14' title="bbox 209 3253 1614 3594">
    <p class='ocr_par' dir='ltr' id='par_1_19' title="bbox 209 3253 1614 3594">
     <span class='ocr_line' id='line_1_23' title="bbox 213 3253 1614 3335; baseline 0.006 -24"><span class='ocrx_word' id='word_1_159' title='bbox 213 3255 406 3330; x_wconf 88' lang='lat' dir='ltr'><strong>scriptorum</strong></span> <span class='ocrx_word' id='word_1_160' title='bbox 430 3255 572 3315; x_wconf 89' lang='lat' dir='ltr'><strong>historiis</strong></span> <span class='ocrx_word' id='word_1_161' title='bbox 596 3261 773 3333; x_wconf 84' lang='lat' dir='ltr'><strong>excerpta.</strong></span> <span class='ocrx_word' id='word_1_162' title='bbox 796 3259 1035 3333; x_wconf 88' lang='lat' dir='ltr'><strong>..conscripta</strong></span> <span class='ocrx_word' id='word_1_163' title='bbox 1057 3272 1078 3315; x_wconf 89' lang='lat' dir='ltr'><strong>a</strong></span> <span class='ocrx_word' id='word_1_164' title='bbox 1099 3253 1137 3316; x_wconf 91' lang='lat' dir='ltr'><strong>T.</strong></span> <span class='ocrx_word' id='word_1_165' title='bbox 1162 3255 1189 3317; x_wconf 92' lang='lat' dir='ltr'><strong>J.</strong></span> <span class='ocrx_word' id='word_1_166' title='bbox 1214 3254 1253 3318; x_wconf 89' lang='lat' dir='ltr'><strong>K.</strong></span> <span class='ocrx_word' id='word_1_167' title='bbox 1276 3253 1313 3318; x_wconf 87' lang='lat' dir='ltr'><strong>C.</strong></span> <span class='ocrx_word' id='word_1_168' title='bbox 1338 3254 1374 3317; x_wconf 88' lang='lat' dir='ltr'><strong>R.</strong></span> <span class='ocrx_word' id='word_1_169' title='bbox 1399 3254 1433 3317; x_wconf 92' lang='lat' dir='ltr'><strong>L.</strong></span> <span class='ocrx_word' id='word_1_170' title='bbox 1465 3255 1614 3335; x_wconf 87' lang='lat' dir='ltr'><strong>(Thoma</strong></span> 
     </span>
     <span class='ocr_line' id='line_1_24' title="bbox 209 3337 1613 3422; baseline 0.005 -23"><span class='ocrx_word' id='word_1_171' title='bbox 209 3337 346 3401; x_wconf 81' lang='lat' dir='ltr'><strong>Ioanne</strong></span> <span class='ocrx_word' id='word_1_172' title='bbox 368 3337 485 3402; x_wconf 89' lang='lat' dir='ltr'><strong>Kraus</strong></span> <span class='ocrx_word' id='word_1_173' title='bbox 507 3341 676 3404; x_wconf 89' lang='lat' dir='ltr'><strong>canonico</strong></span> <span class='ocrx_word' id='word_1_174' title='bbox 698 3341 849 3420; x_wconf 87' lang='lat' dir='ltr'><strong>regulari</strong></span> <span class='ocrx_word' id='word_1_175' title='bbox 871 3341 1044 3420; x_wconf 86' lang='lat' dir='ltr'><strong>Lateran.)</strong></span> <span class='ocrx_word' id='word_1_176' title='bbox 1067 3358 1096 3404; x_wconf 87' lang='lat' dir='ltr'><strong>a.</strong></span> <span class='ocrx_word' id='word_1_177' title='bbox 1120 3342 1151 3404; x_wconf 93' lang='lat' dir='ltr'><strong>d.</strong></span> <span class='ocrx_word' id='word_1_178' title='bbox 1178 3339 1291 3404; x_wconf 78' lang='lat' dir='ltr'><strong>titi«</strong></span> <span class='ocrx_word' id='word_1_179' title='bbox 1318 3342 1374 3422; x_wconf 79' lang='lat' dir='ltr'><strong>(z</strong></span> <span class='ocrx_word' id='word_1_180' title='bbox 1386 3341 1545 3405; x_wconf 83' lang='lat' dir='ltr'><strong>Historia</strong></span> <span class='ocrx_word' id='word_1_181' title='bbox 1559 3359 1613 3406; x_wconf 91' lang='lat' dir='ltr'><strong>ec·</strong></span> 
     </span>
     <span class='ocr_line' id='line_1_25' title="bbox 211 3424 1611 3508; baseline 0.005 -23"><span class='ocrx_word' id='word_1_182' title='bbox 211 3424 396 3488; x_wconf 86' lang='lat' dir='ltr'><strong>clesiarum</strong></span> <span class='ocrx_word' id='word_1_183' title='bbox 432 3432 466 3489; x_wconf 90' lang='lat' dir='ltr'><strong>et</strong></span> <span class='ocrx_word' id='word_1_184' title='bbox 507 3427 800 3492; x_wconf 84' lang='lat' dir='ltr'><strong>monasteriorum</strong></span> <span class='ocrx_word' id='word_1_185' title='bbox 833 3427 1062 3508; x_wconf 82' lang='lat' dir='ltr'><strong>Pragensium</strong></span> <span class='ocrx_word' id='word_1_186' title='bbox 1095 3429 1305 3491; x_wconf 90' lang='lat' dir='ltr'><strong>solummodo</strong></span> <span class='ocrx_word' id='word_1_187' title='bbox 1346 3431 1611 3492; x_wconf 87' lang='lat' dir='ltr'><strong>memorabilibus</strong></span> 
     </span>
     <span class='ocr_line' id='line_1_26' title="bbox 211 3512 605 3594; baseline 0.013 -23"><span class='ocrx_word' id='word_1_188' title='bbox 211 3529 298 3573; x_wconf 84' lang='lat' dir='ltr'><strong>saec.</strong></span> <span class='ocrx_word' id='word_1_189' title='bbox 322 3512 422 3575; x_wconf 89' lang='lat' dir='ltr'>XVIII</span> <span class='ocrx_word' id='word_1_190' title='bbox 444 3513 605 3594; x_wconf 88' lang='lat' dir='ltr'><strong>insignis).</strong></span> 
     </span>
    </p>
   </div>
   <div class='ocr_carea' id='block_1_15' title="bbox 210 3618 1611 3763">
    <p class='ocr_par' dir='ltr' id='par_1_20' title="bbox 210 3618 1611 3763">
     <span class='ocr_line' id='line_1_27' title="bbox 313 3618 1611 3702; baseline 0.011 -27"><span class='ocrx_word' id='word_1_191' title='bbox 313 3618 417 3676; x_wconf 85' lang='lat' dir='ltr'><strong>Textui</strong></span> <span class='ocrx_word' id='word_1_192' title='bbox 441 3621 552 3692; x_wconf 90' lang='lat' dir='ltr'><strong>passim</strong></span> <span class='ocrx_word' id='word_1_193' title='bbox 576 3622 768 3693; x_wconf 86' lang='lat' dir='ltr'><strong>inglutinatae</strong></span> <span class='ocrx_word' id='word_1_194' title='bbox 792 3629 860 3678; x_wconf 87' lang='lat' dir='ltr'><strong>sunt</strong></span> <span class='ocrx_word' id='word_1_195' title='bbox 885 3624 980 3679; x_wconf 89' lang='lat' dir='ltr'><strong>variae</strong></span> <span class='ocrx_word' id='word_1_196' title='bbox 1003 3626 1146 3696; x_wconf 86' lang='lat' dir='ltr'><strong>imagines</strong></span> <span class='ocrx_word' id='word_1_197' title='bbox 1170 3627 1229 3683; x_wconf 87' lang='lat' dir='ltr'><strong>aeri</strong></span> <span class='ocrx_word' id='word_1_198' title='bbox 1246 3625 1368 3694; x_wconf 88' lang='lat' dir='ltr'><strong>incisae,</strong></span> <span class='ocrx_word' id='word_1_199' title='bbox 1392 3625 1473 3684; x_wconf 89' lang='lat' dir='ltr'><strong>libris</strong></span> <span class='ocrx_word' id='word_1_200' title='bbox 1490 3631 1611 3702; x_wconf 90' lang='lat' dir='ltr'><strong>impres-</strong></span> 
     </span>
     <span class='ocr_line' id='line_1_28' title="bbox 210 3708 440 3763; baseline 0.013 -3"><span class='ocrx_word' id='word_1_201' title='bbox 210 3708 251 3761; x_wconf 85' lang='lat' dir='ltr'><strong>sis</strong></span> <span class='ocrx_word' id='word_1_202' title='bbox 278 3709 440 3763; x_wconf 90' lang='lat' dir='ltr'><strong>desumtae.</strong></span> 
     </span>
    </p>
   </div>
   <div class='ocr_carea' id='block_1_16' title="bbox 315 3873 1031 3959">
    <p class='ocr_par' dir='ltr' id='par_1_21' title="bbox 315 3873 1031 3959">
     <span class='ocr_line' id='line_1_29' title="bbox 315 3873 1031 3959; baseline 0.006 -5"><span class='ocrx_word' id='word_1_203' title='bbox 315 3873 414 3956; x_wconf 86' lang='grc'><strong>1065</strong></span> <span class='ocrx_word' id='word_1_204' title='bbox 840 3877 900 3955; x_wconf 93' lang='lat' dir='ltr'><strong>VI.</strong></span> <span class='ocrx_word' id='word_1_205' title='bbox 931 3880 967 3957; x_wconf 89' lang='lat' dir='ltr'><strong>C.</strong></span> <span class='ocrx_word' id='word_1_206' title='bbox 998 3883 1031 3959; x_wconf 85' lang='grc'><strong>7.</strong></span> 
     </span>
    </p>
   </div>
   <div class='ocr_carea' id='block_1_17' title="bbox 209 4013 1456 4104">
    <p class='ocr_par' dir='ltr' id='par_1_22' title="bbox 209 4013 1456 4104">
     <span class='ocr_line' id='line_1_30' title="bbox 209 4013 1456 4104; baseline 0.017 -31"><span class='ocrx_word' id='word_1_207' title='bbox 209 4013 397 4075; x_wconf 82' lang='lat' dir='ltr'><strong>membran.</strong></span> <span class='ocrx_word' id='word_1_208' title='bbox 421 4033 508 4077; x_wconf 87' lang='lat' dir='ltr'><strong>saec.</strong></span> <span class='ocrx_word' id='word_1_209' title='bbox 524 4014 611 4078; x_wconf 90' lang='lat' dir='ltr'><strong>XIV</strong></span> <span class='ocrx_word' id='word_1_210' title='bbox 622 4017 671 4096; x_wconf 91' lang='lat' dir='ltr'><strong>fs.</strong></span> <span class='ocrx_word' id='word_1_211' title='bbox 688 4021 748 4082; x_wconf 84' lang='lat'><strong>131</strong></span> <span class='ocrx_word' id='word_1_212' title='bbox 774 4038 863 4082; x_wconf 77' lang='lat' dir='ltr'><strong>terim.</strong></span> <span class='ocrx_word' id='word_1_213' title='bbox 891 4021 990 4099; x_wconf 83' lang='lat' dir='ltr'><strong>(recte</strong></span> <span class='ocrx_word' id='word_1_214' title='bbox 1011 4023 1097 4104; x_wconf 83' lang='lat'><em>130),</em></span> <span class='ocrx_word' id='word_1_215' title='bbox 1120 4025 1264 4090; x_wconf 80' lang='lat'><strong><em>32&gt;&lt;23</em></strong></span> <span class='ocrx_word' id='word_1_216' title='bbox 1279 4045 1342 4090; x_wconf 88' lang='lat' dir='ltr'><strong>cm.</strong></span> <span class='ocrx_word' id='word_1_217' title='bbox 1369 4030 1388 4092; x_wconf 90' lang='lat'><strong><em>1</em></strong></span> <span class='ocrx_word' id='word_1_218' title='bbox 1413 4048 1456 4094; x_wconf 89' lang='lat' dir='ltr'><strong>m.</strong></span> 
     </span>
    </p>
   </div>
   <div class='ocr_carea' id='block_1_18' title="bbox 205 4134 1608 4510">
    <p class='ocr_par' dir='ltr' id='par_1_23' title="bbox 206 4134 1608 4308">
     <span class='ocr_line' id='line_1_31' title="bbox 206 4134 1608 4219; baseline 0.015 -23"><span class='ocrx_word' id='word_1_219' title='bbox 206 4134 380 4198; x_wconf 75' lang='lat' dir='ltr'><strong>lobannis</strong></span> <span class='ocrx_word' id='word_1_220' title='bbox 403 4135 551 4202; x_wconf 86' lang='lat' dir='ltr'><strong>Diaconi</strong></span> <span class='ocrx_word' id='word_1_221' title='bbox 574 4139 616 4202; x_wconf 91' lang='lat' dir='ltr'><strong>de</strong></span> <span class='ocrx_word' id='word_1_222' title='bbox 640 4139 872 4218; x_wconf 89' lang='lat' dir='ltr'><strong>institutione,</strong></span> <span class='ocrx_word' id='word_1_223' title='bbox 895 4143 978 4219; x_wconf 87' lang='lat' dir='ltr'><strong>vita,</strong></span> <span class='ocrx_word' id='word_1_224' title='bbox 1002 4146 1160 4208; x_wconf 87' lang='lat' dir='ltr'><strong>doctrina</strong></span> <span class='ocrx_word' id='word_1_225' title='bbox 1182 4148 1258 4212; x_wconf 90' lang='lat' dir='ltr'><strong>sive</strong></span> <span class='ocrx_word' id='word_1_226' title='bbox 1281 4151 1459 4215; x_wconf 84' lang='lat' dir='ltr'><strong>miraculis</strong></span> <span class='ocrx_word' id='word_1_227' title='bbox 1475 4155 1507 4216; x_wconf 91' lang='lat' dir='ltr'><strong>b.</strong></span> <span class='ocrx_word' id='word_1_228' title='bbox 1524 4152 1608 4217; x_wconf 88' lang='lat' dir='ltr'><strong>Gre-</strong></span> 
     </span>
     <span class='ocr_line' id='line_1_32' title="bbox 590 4227 1407 4308; baseline 0.015 -21"><span class='ocrx_word' id='word_1_229' title='bbox 590 4227 679 4304; x_wconf 88' lang='lat' dir='ltr'><strong>gorii</strong></span> <span class='ocrx_word' id='word_1_230' title='bbox 702 4227 850 4290; x_wconf 88' lang='lat' dir='ltr'><strong>Romani</strong></span> <span class='ocrx_word' id='word_1_231' title='bbox 872 4229 1048 4308; x_wconf 76' lang='lat' dir='ltr'><strong>pontilicis</strong></span> <span class='ocrx_word' id='word_1_232' title='bbox 1071 4232 1149 4296; x_wconf 89' lang='lat' dir='ltr'><strong>libri</strong></span> <span class='ocrx_word' id='word_1_233' title='bbox 1172 4233 1227 4296; x_wconf 90' lang='lat' dir='ltr'><strong>IV.</strong></span> <span class='ocrx_word' id='word_1_234' title='bbox 1402 4253 1407 4260; x_wconf 91' lang='lat'><em>·</em></span> 
     </span>
    </p>

    <p class='ocr_par' dir='ltr' id='par_1_24' title="bbox 310 4325 1606 4419">
     <span class='ocr_line' id='line_1_33' title="bbox 310 4325 1606 4419; baseline 0.019 -35"><span class='ocrx_word' id='word_1_235' title='bbox 310 4325 331 4386; x_wconf 88' lang='lat' dir='ltr'><strong>f.</strong></span> <span class='ocrx_word' id='word_1_236' title='bbox 356 4326 394 4386; x_wconf 82' lang='lat'><strong>2·</strong></span> <span class='ocrx_word' id='word_1_237' title='bbox 419 4328 472 4390; x_wconf 79' lang='lat' dir='ltr'><strong>&gt;In</strong></span> <span class='ocrx_word' id='word_1_238' title='bbox 496 4334 627 4391; x_wconf 87' lang='lat' dir='ltr'><strong>nomine</strong></span> <span class='ocrx_word' id='word_1_239' title='bbox 651 4348 678 4394; x_wconf 83' lang='lat' dir='ltr'><strong>s,</strong></span> <span class='ocrx_word' id='word_1_240' title='bbox 702 4339 735 4394; x_wconf 90' lang='lat' dir='ltr'><strong>et</strong></span> <span class='ocrx_word' id='word_1_241' title='bbox 756 4335 821 4395; x_wconf 93' lang='lat' dir='ltr'><strong>ind.</strong></span> <span class='ocrx_word' id='word_1_242' title='bbox 846 4338 939 4396; x_wconf 89' lang='lat' dir='ltr'><strong>trinit.</strong></span> <span class='ocrx_word' id='word_1_243' title='bbox 974 4339 1096 4416; x_wconf 86' lang='lat' dir='ltr'><strong>incipit.</strong></span> <span class='ocrx_word' id='word_1_244' title='bbox 1117 4341 1272 4419; x_wconf 87' lang='lat' dir='ltr'><strong>prologus</strong></span> <span class='ocrx_word' id='word_1_245' title='bbox 1296 4343 1423 4406; x_wconf 89' lang='lat' dir='ltr'><strong>diaconi</strong></span> <span class='ocrx_word' id='word_1_246' title='bbox 1446 4343 1606 4409; x_wconf 82' lang='lat' dir='ltr'><strong>Iohannis</strong></span> 
     </span>
    </p>

    <p class='ocr_par' dir='ltr' id='par_1_25' title="bbox 205 4411 1601 4510">
     <span class='ocr_line' id='line_1_34' title="bbox 205 4411 1601 4510; baseline 0.019 -40"><span class='ocrx_word' id='word_1_247' title='bbox 205 4412 248 4471; x_wconf 88' lang='lat' dir='ltr'><strong>ad</strong></span> <span class='ocrx_word' id='word_1_248' title='bbox 270 4411 454 4474; x_wconf 83' lang='lat' dir='ltr'><strong>Iohannem</strong></span> <span class='ocrx_word' id='word_1_249' title='bbox 479 4422 778 4480; x_wconf 89' lang='lat' dir='ltr'><strong>reverentissimum</strong></span> <span class='ocrx_word' id='word_1_250' title='bbox 801 4425 877 4496; x_wconf 89' lang='lat' dir='ltr'><strong>(sic)</strong></span> <span class='ocrx_word' id='word_1_251' title='bbox 908 4428 1021 4484; x_wconf 89' lang='lat' dir='ltr'><strong>sancte</strong></span> <span class='ocrx_word' id='word_1_252' title='bbox 1051 4427 1231 4503; x_wconf 91' lang='lat' dir='ltr'><strong>apostolice</strong></span> <span class='ocrx_word' id='word_1_253' title='bbox 1267 4429 1356 4490; x_wconf 88' lang='lat' dir='ltr'><strong>sedis</strong></span> <span class='ocrx_word' id='word_1_254' title='bbox 1395 4435 1601 4510; x_wconf 77' lang='lat' dir='ltr'><strong>pontificem«</strong></span> 
     </span>
    </p>
   </div>
   <div class='ocr_carea' id='block_1_19' title="bbox 205 4499 1606 4675">
    <p class='ocr_par' dir='ltr' id='par_1_26' title="bbox 205 4499 1606 4675">
     <span class='ocr_line' id='line_1_35' title="bbox 207 4499 1606 4596; baseline 0.019 -39"><span class='ocrx_word' id='word_1_255' title='bbox 207 4543 267 4560; x_wconf 93' lang='lat'><strong>...</strong></span> <span class='ocrx_word' id='word_1_256' title='bbox 293 4499 313 4559; x_wconf 89' lang='lat' dir='ltr'><strong>i.</strong></span> <span class='ocrx_word' id='word_1_257' title='bbox 337 4501 373 4560; x_wconf 74' lang='lat'><strong>4²</strong></span> <span class='ocrx_word' id='word_1_258' title='bbox 401 4499 597 4580; x_wconf 79' lang='lat' dir='ltr'><strong>&gt;Gregorius</strong></span> <span class='ocrx_word' id='word_1_259' title='bbox 619 4523 738 4584; x_wconf 88' lang='lat' dir='ltr'><strong>genere</strong></span> <span class='ocrx_word' id='word_1_260' title='bbox 762 4523 919 4569; x_wconf 88' lang='lat' dir='ltr'><strong>romanus</strong></span> <span class='ocrx_word' id='word_1_261' title='bbox 942 4515 1009 4572; x_wconf 86' lang='lat' dir='ltr'><strong>arte</strong></span> <span class='ocrx_word' id='word_1_262' title='bbox 1033 4512 1267 4591; x_wconf 80' lang='lat' dir='ltr'><strong>philosophus«</strong></span> <span class='ocrx_word' id='word_1_263' title='bbox 1296 4518 1335 4596; x_wconf 88' lang='lat'><strong>&gt;&lt;</strong></span> <span class='ocrx_word' id='word_1_264' title='bbox 1370 4517 1391 4578; x_wconf 86' lang='lat' dir='ltr'><strong>t.</strong></span> <span class='ocrx_word' id='word_1_265' title='bbox 1419 4517 1494 4580; x_wconf 75' lang='grc'><strong>131·</strong></span> <span class='ocrx_word' id='word_1_266' title='bbox 1522 4523 1606 4582; x_wconf 86' lang='lat' dir='ltr'><strong>›sal-</strong></span> 
     </span>
     <span class='ocr_line' id='line_1_36' title="bbox 205 4587 1187 4675; baseline 0.014 -29"><span class='ocrx_word' id='word_1_267' title='bbox 205 4587 260 4646; x_wconf 88' lang='lat' dir='ltr'><strong>tim</strong></span> <span class='ocrx_word' id='word_1_268' title='bbox 284 4587 384 4646; x_wconf 83' lang='lat' dir='ltr'><strong>verba</strong></span> <span class='ocrx_word' id='word_1_269' title='bbox 407 4605 470 4668; x_wconf 94' lang='lat' dir='ltr'><strong>que</strong></span> <span class='ocrx_word' id='word_1_270' title='bbox 493 4591 587 4651; x_wconf 86' lang='lat' dir='ltr'><strong>valeo</strong></span> <span class='ocrx_word' id='word_1_271' title='bbox 611 4596 742 4654; x_wconf 93' lang='lat' dir='ltr'><strong>minime</strong></span> <span class='ocrx_word' id='word_1_272' title='bbox 767 4595 951 4672; x_wconf 86' lang='lat' dir='ltr'><strong>denegasse</strong></span> <span class='ocrx_word' id='word_1_273' title='bbox 975 4613 1187 4675; x_wconf 69' lang='lat' dir='ltr'><strong>cognoscas«</strong></span> 
     </span>
    </p>
   </div>
   <div class='ocr_carea' id='block_1_20' title="bbox 204 4691 1605 5114">
    <p class='ocr_par' dir='ltr' id='par_1_27' title="bbox 204 4691 1605 5114">
     <span class='ocr_line' id='line_1_37' title="bbox 312 4691 1605 4771; baseline 0.019 -24"><span class='ocrx_word' id='word_1_274' title='bbox 312 4691 345 4747; x_wconf 93' lang='lat' dir='ltr'><strong>In</strong></span> <span class='ocrx_word' id='word_1_275' title='bbox 369 4691 419 4750; x_wconf 90' lang='lat' dir='ltr'><strong>lol.</strong></span> <span class='ocrx_word' id='word_1_276' title='bbox 444 4695 547 4752; x_wconf 90' lang='lat' dir='ltr'><strong>ultimo</strong></span> <span class='ocrx_word' id='word_1_277' title='bbox 570 4697 699 4768; x_wconf 86' lang='lat' dir='ltr'><strong>adligato</strong></span> <span class='ocrx_word' id='word_1_278' title='bbox 723 4716 782 4755; x_wconf 89' lang='lat' dir='ltr'><strong>non</strong></span> <span class='ocrx_word' id='word_1_279' title='bbox 806 4716 886 4758; x_wconf 91' lang='lat' dir='ltr'><strong>num.</strong></span> <span class='ocrx_word' id='word_1_280' title='bbox 912 4703 984 4759; x_wconf 87' lang='lat' dir='ltr'><strong>haec</strong></span> <span class='ocrx_word' id='word_1_281' title='bbox 1007 4713 1078 4761; x_wconf 87' lang='lat' dir='ltr'><strong>nota</strong></span> <span class='ocrx_word' id='word_1_282' title='bbox 1108 4712 1249 4765; x_wconf 88' lang='lat' dir='ltr'><strong>occurrit:</strong></span> <span class='ocrx_word' id='word_1_283' title='bbox 1297 4710 1403 4767; x_wconf 73' lang='lat' dir='ltr'><strong>»Liber</strong></span> <span class='ocrx_word' id='word_1_284' title='bbox 1436 4718 1605 4771; x_wconf 91' lang='lat' dir='ltr'><strong>monasterii</strong></span> 
     </span>
     <span class='ocr_line' id='line_1_38' title="bbox 205 4778 1604 4872; baseline 0.019 -41"><span class='ocrx_word' id='word_1_285' title='bbox 205 4779 311 4833; x_wconf 90' lang='lat' dir='ltr'><strong>domus</strong></span> <span class='ocrx_word' id='word_1_286' title='bbox 335 4780 362 4840; x_wconf 88' lang='lat' dir='ltr'><strong>b.</strong></span> <span class='ocrx_word' id='word_1_287' title='bbox 386 4778 481 4851; x_wconf 88' lang='lat' dir='ltr'><strong>Egidii</strong></span> <span class='ocrx_word' id='word_1_288' title='bbox 505 4785 716 4841; x_wconf 88' lang='lat' dir='ltr'><strong>canonicorum</strong></span> <span class='ocrx_word' id='word_1_289' title='bbox 739 4787 915 4858; x_wconf 87' lang='lat' dir='ltr'><strong>regularium</strong></span> <span class='ocrx_word' id='word_1_290' title='bbox 939 4794 969 4846; x_wconf 90' lang='lat' dir='ltr'><strong>in</strong></span> <span class='ocrx_word' id='word_1_291' title='bbox 992 4791 1156 4862; x_wconf 84' lang='lat' dir='ltr'><strong>Witignaw</strong></span> <span class='ocrx_word' id='word_1_292' title='bbox 1178 4796 1252 4852; x_wconf 88' lang='lat' dir='ltr'><strong>allas</strong></span> <span class='ocrx_word' id='word_1_293' title='bbox 1276 4797 1305 4853; x_wconf 91' lang='lat' dir='ltr'><strong>in</strong></span> <span class='ocrx_word' id='word_1_294' title='bbox 1329 4795 1461 4855; x_wconf 79' lang='lat' dir='ltr'><strong>Triebon</strong></span> <span class='ocrx_word' id='word_1_295' title='bbox 1485 4815 1604 4872; x_wconf 91' lang='lat' dir='ltr'><strong>compa-</strong></span> 
     </span>
     <span class='ocr_line' id='line_1_39' title="bbox 204 4869 1601 4952; baseline 0.014 -34"><span class='ocrx_word' id='word_1_296' title='bbox 204 4871 284 4919; x_wconf 91' lang='lat' dir='ltr'><strong>ratus</strong></span> <span class='ocrx_word' id='word_1_297' title='bbox 307 4881 358 4936; x_wconf 90' lang='lat' dir='ltr'><strong>per</strong></span> <span class='ocrx_word' id='word_1_298' title='bbox 381 4869 494 4924; x_wconf 91' lang='lat' dir='ltr'><strong>nobiles</strong></span> <span class='ocrx_word' id='word_1_299' title='bbox 518 4872 654 4927; x_wconf 88' lang='lat' dir='ltr'><strong>dominos</strong></span> <span class='ocrx_word' id='word_1_300' title='bbox 678 4875 713 4928; x_wconf 90' lang='lat' dir='ltr'><strong>de</strong></span> <span class='ocrx_word' id='word_1_301' title='bbox 737 4873 915 4946; x_wconf 88' lang='lat' dir='ltr'><strong>Rosemberg</strong></span> <span class='ocrx_word' id='word_1_302' title='bbox 947 4879 1057 4949; x_wconf 87' lang='lat' dir='ltr'><strong>primos</strong></span> <span class='ocrx_word' id='word_1_303' title='bbox 1092 4880 1186 4952; x_wconf 89' lang='lat' dir='ltr'><strong>ipsius</strong></span> <span class='ocrx_word' id='word_1_304' title='bbox 1209 4887 1379 4940; x_wconf 89' lang='lat' dir='ltr'><strong>monasterii</strong></span> <span class='ocrx_word' id='word_1_305' title='bbox 1402 4885 1601 4944; x_wconf 77' lang='lat' dir='ltr'><strong>fundatores&lt;</strong></span> 
     </span>
     <span class='ocr_line' id='line_1_40' title="bbox 204 4949 1603 5045; baseline 0.021 -41"><span class='ocrx_word' id='word_1_306' title='bbox 204 4949 314 5006; x_wconf 87' lang='lat' dir='ltr'><strong>Deinde</strong></span> <span class='ocrx_word' id='word_1_307' title='bbox 338 4954 432 5009; x_wconf 85' lang='lat' dir='ltr'><strong>codex</strong></span> <span class='ocrx_word' id='word_1_308' title='bbox 455 4956 509 5012; x_wconf 85' lang='lat' dir='ltr'><strong>luit</strong></span> <span class='ocrx_word' id='word_1_309' title='bbox 532 4957 726 5015; x_wconf 86' lang='lat' dir='ltr'><strong>bibliothecae</strong></span> <span class='ocrx_word' id='word_1_310' title='bbox 750 4960 991 5032; x_wconf 80' lang='lat' dir='ltr'><strong>Rosenbergieae,</strong></span> <span class='ocrx_word' id='word_1_311' title='bbox 1027 4973 1058 5020; x_wconf 91' lang='lat' dir='ltr'><strong>ut</strong></span> <span class='ocrx_word' id='word_1_312' title='bbox 1081 4969 1167 5023; x_wconf 90' lang='lat' dir='ltr'><strong>docet</strong></span> <span class='ocrx_word' id='word_1_313' title='bbox 1190 4969 1304 5042; x_wconf 89' lang='lat' dir='ltr'><strong>insigne</strong></span> <span class='ocrx_word' id='word_1_314' title='bbox 1328 4971 1378 5028; x_wconf 91' lang='lat' dir='ltr'><strong>iol.</strong></span> <span class='ocrx_word' id='word_1_315' title='bbox 1407 4973 1462 5029; x_wconf 91' lang='grc'><strong>131</strong></span> <span class='ocrx_word' id='word_1_316' title='bbox 1501 4975 1603 5045; x_wconf 87' lang='lat' dir='ltr'><strong>adglu-</strong></span> 
     </span>
     <span class='ocr_line' id='line_1_41' title="bbox 204 5037 1370 5114; baseline 0.02 -23"><span class='ocrx_word' id='word_1_317' title='bbox 204 5037 337 5107; x_wconf 86' lang='lat' dir='ltr'><strong>tinatum,</strong></span> <span class='ocrx_word' id='word_1_318' title='bbox 362 5055 398 5095; x_wconf 84' lang='lat' dir='ltr'><strong>ex</strong></span> <span class='ocrx_word' id='word_1_319' title='bbox 421 5059 480 5113; x_wconf 89' lang='lat' dir='ltr'><strong>qua</strong></span> <span class='ocrx_word' id='word_1_320' title='bbox 502 5047 654 5100; x_wconf 85' lang='lat' dir='ltr'><strong>restitutus</strong></span> <span class='ocrx_word' id='word_1_321' title='bbox 678 5053 722 5102; x_wconf 89' lang='lat' dir='ltr'><strong>est</strong></span> <span class='ocrx_word' id='word_1_322' title='bbox 747 5049 942 5106; x_wconf 87' lang='lat' dir='ltr'><strong>bibliothecae</strong></span> <span class='ocrx_word' id='word_1_323' title='bbox 964 5056 1135 5110; x_wconf 88' lang='lat' dir='ltr'><strong>monasterii</strong></span> <span class='ocrx_word' id='word_1_324' title='bbox 1161 5053 1370 5114; x_wconf 79' lang='lat' dir='ltr'><strong>Tlebonensis.</strong></span> 
     </span>
    </p>
   </div>
   <div class='ocr_carea' id='block_1_21' title="bbox 876 5271 927 5321">
    <p class='ocr_par' dir='ltr' id='par_1_28' title="bbox 876 5271 927 5321">
     <span class='ocr_line' id='line_1_42' title="bbox 876 5271 927 5321; baseline 0.039 -2"><span class='ocrx_word' id='word_1_325' title='bbox 876 5271 927 5321; x_wconf 80' lang='lat'><strong>⁴³9</strong></span> 
     </span>
    </p>
   </div>
   <div class='ocr_carea' id='block_1_22' title="bbox 0 0 1974 6010">
    <p class='ocr_par' dir='ltr' id='par_1_29' title="bbox 0 0 1974 6010">
     <span class='ocr_line' id='line_1_43' title="bbox 0 0 1974 6010; baseline 0 7"><span class='ocrx_word' id='word_1_326' title='bbox 0 0 1974 6010; x_wconf 95' lang='lat' dir='ltr'><strong> </strong></span> 
     </span>
    </p>
   </div>
  </div>
 </body>
</html>
