3938 6010
1036 598 1117 660 1058

478 807 497 868 l.
523 805 727 870 28812-295b
751 807 803 869 Fr.
838 807 1011 870 Johannis
1045 806 1243 886 capistrani
1265 807 1308 869 ad
1330 806 1579 882 Everhardum,
1614 825 1775 886 praepos.

374 894 539 972 Magdeb„
565 895 714 974 epistola
736 895 778 956 de
802 895 1004 957 adoratione
1028 899 1064 955 et
1086 893 1264 957 miraculis
1287 894 1368 957 data
1390 912 1420 956 a.
1447 893 1618 972 1452,v1.
1642 894 1722 957 Nov

479 1000 498 1060 l.
523 997 727 1060 ‘295b—315b
751 1003 909 1075 (anepigr.)
932 997 1123 1061 Everhardi
1145 997 1336 1076 praepositi
1352 997 1570 1078 Magdeburg.
1593 998 1777 1062 Tractatus

375 1087 416 1146 de
440 1087 645 1149 adoratione
668 1086 860 1167 (reprobans
884 1087 1040 1147 miracula
1061 1085 1317 1164 Wilsnacensia)
1352 1089 1385 1147 in
1409 1087 1474 1148 line
1509 1103 1657 1147 mancus
1706 1085 1776 1146 »De

374 1173 570 1234 adoracione
593 1180 751 1252 quantum
775 1177 959 1235 concernit«
987 1173 1027 1252 ><
1055 1173 1114 1233 »ad
1139 1174 1310 1251 epistolam
1342 1177 1474 1251 pretacti
1505 1177 1605 1252 patris
1639 1189 1777 1251 respon·

375 1261 470 1331 (lehc,
495 1277 558 1338 que
582 1262 654 1322 talis
681 1267 761 1322 est«
1754 1281 1764 1293 ¹

478 1384 555 1441 Nota
577 1389 606 1440 in
630 1386 721 1442 fronte
745 1385 793 1442 lol.
823 1388 872 1440 li:
899 1385 1104 1440 »Residentiae
1128 1383 1195 1442 Soc.
1219 1383 1289 1439 Jesu
1313 1385 1350 1439 ad
1374 1383 1496 1440 Matrem
1519 1383 1694 1439 Dolorcsam
1718 1385 1776 1439 sub

375 1470 526 1542 Grupna.«

483 1639 583 1721 1058
980 1641 1044 1716 VI.
1073 1639 1117 1716 B.
1144 1638 1208 1716 24.

375 1781 482 1842 chart.
506 1797 591 1842 saec.
615 1781 704 1843 XVI
717 1782 758 1863 ff.
780 1783 853 1854 335,
876 1783 916 1844 31
931 1783 963 1839 ><
977 1781 1016 1842 21
1034 1798 1097 1842 cna
1120 1780 1152 1842 d.
1176 1797 1219 1840 m.
1244 1797 1321 1840 cnm
1345 1778 1416 1839 init.
1435 1776 1512 1858 pict.

375 1901 548 1966 Graduale
572 1901 920 1967 latino-bohemicum
943 1902 1037 1965 notis
1062 1901 1208 1964 musicis
1232 1901 1454 1963 instructum.
1499 1894 1706 1981 (Kanoiomil
1730 1901 1777 1960 la-

710 1986 833 2070 tinslrp'¹
856 2009 874 2054 a
898 1981 1098 2069 nihtery'mi
1120 1979 1232 2068 zpevy
1254 1982 1440 2067 deskymi.)

478 2115 581 2172 Literis
605 2115 667 2172 init.
692 2119 777 2188 pictis
800 2119 912 2187 passim
935 2119 1077 2187 inscripta
1100 2121 1169 2171 sunt
1192 2113 1313 2169 nomina
1335 2112 1564 2179 benefactorum,
1588 2113 1638 2182 qui
1661 2113 1691 2167 in
1714 2111 1772 2166 lib·

377 2217 438 2256 rum
462 2205 666 2258 exornandum
690 2210 825 2274 sumptus
849 2203 987 2258 lecerunt.
1010 2202 1088 2259 Nota
1110 2201 1247 2274 operculo
1272 2199 1414 2271 superiori
1443 2199 1586 2270 inscripta
1619 2199 1712 2254 cultro
1735 2200 1779 2251 vi·

375 2291 447 2343 tiata
469 2291 626 2346 edocemur
648 2292 779 2346 codicem
804 2291 971 2362 aquodam
1003 2289 1129 2359 Georgio
1164 2286 1357 2342 baccalaureo
1394 2286 1464 2342 olim
1498 2291 1662 2356 reparatum
1697 2299 1773 2339 esse.

376 2375 515 2431 Codicem
538 2377 682 2447 prolixius
706 2393 816 2432 recena.
841 2377 959 2450 DreveS,
984 2375 1145 2431 Cantiones
1169 2375 1285 2428 bohem.
1309 2391 1337 2444 p.
1366 2373 1413 2431 18.

485 2544 583 2626 1⁰59
994 2544 1057 2619 VI.
1088 2543 1186 2618 01.

376 2686 486 2748 cllart.
509 2703 596 2748 saec.
620 2683 889 2748 XVII-XVIII
895 2685 942 2767 ff.
966 2685 1020 2759 24,
1041 2685 1083 2746 37
1100 2685 1189 2746 ><22
1211 2700 1274 2744 cm.
1297 2683 1315 2745 1
1340 2701 1385 2744 m.

376 2806 411 2869 P.
435 2807 616 2886 Theophili
649 2806 859 2882 Kherbaum
890 2809 962 2870 ord.
994 2806 1141 2910 cisterc.
1165 2805 1292 2869 Plassii
1325 2803 1488 2884 professi,
1533 2803 1673 2867 'labella
1694 2819 1776 2883 gne-

1000 2910 1147 2957 monica.

482 3018 551 3074 Sine
574 3020 665 3075 dubio
689 3035 703 3072 e
728 3019 907 3074 monasterio
931 3018 1090 3074 Plassensi.

424 3156 428 3164 ’
486 3203 585 3286 loeo
983 3202 1045 3278 VJ.
1075 3205 1112 3280 c.
1141 3203 1176 3278 2.

379 3345 496 3500 girarti.
512 3363 544 3491 {a
567 3345 654 3407 1740
667 3343 716 3424 ff.
739 3345 783 3406 54
805 3343 937 3426 (:108
954 3344 1153 3423 paganam),
1177 3345 1221 3405 36
1235 3345 1396 3406 ><220na
1422 3347 1439 3406 l
1465 3361 1508 3405 m.
1540 3360 1617 3404 cum
1641 3342 1776 3419 insigm-

400 3450 441 3492 τις
483 3449 513 3493 rc
527 3450 565 3492 as.

483 3571 554 3631 pag.
584 3555 684 3614 1-17
709 3552 953 3617 Denominatio
970 3558 1004 3615 et
1020 3551 1239 3616 confirmatio
1258 3551 1445 3630 Augustini
1465 3548 1618 3615 'rhomae
1630 3529 1776 3624 {ticika

379 3640 493 3701 decani
524 3646 682 3702 canoniae
718 3639 947 3714 Carloviensis‚
982 3639 1018 3701 in
1039 3638 1279 3718 praepositum
1300 3637 1614 3717 lngelheimensem
1636 3654 1666 3700 a.
1685 3634 1777 3698 1740.

482 3762 555 3822 pag.
583 3743 709 3805 19-20
737 3742 877 3806 Nomina
906 3748 1140 3806 canonicorum
1178 3749 1210 3806 in
1248 3747 1387 3805 canonia
1421 3743 1618 3803 Carloviensi
1656 3741 1775 3819 Pragae

380 3840 455 3893 tunc
482 3832 701 3893 residentium.
1482 3849 1485 3856 ·

482 3953 554 4015 pag.
579 3935 706 3997 21-22
731 3935 860 4014 Insigne
885 3939 1059 4014 praepositi
1085 3935 1350 4012 ingelheimensis
1385 3937 1505 4012 pictum
1531 3941 1564 3994 et
1586 3934 1776 3993 deauratum

379 4027 409 4082 in
434 4024 634 4083 membrana.

483 4161 556 4223 pag.
580 4143 703 4204 25-61
730 4142 917 4222 Privilegia
939 4160 980 4205 ae
1003 4141 1198 4205 maiestalia
1220 4157 1311 4204 caes
1335 4145 1371 4202 et
1392 4157 1462 4220 reg.
1486 4141 1678 4220 diplomata
1699 4139 1778 4201 fun-

379 4229 531 4292 dationis
554 4229 816 4308 praepositurae
839 4229 1127 4308 Ingelheimensis
1150 4228 1193 4289 ad
1215 4227 1375 4290 Rhenum
1398 4276 1406 4290 .
1432 4276 1439 4289 .
1463 4227 1597 4290 inserta
1631 4233 1667 4290 et
1694 4226 1778 4289 vidi·

380 4321 474 4378 mata
496 4335 558 4394 per
579 4317 814 4396 Augustinum
835 4316 1004 4379 Thomam
1034 4295 1203 4378 saczka.
1228 4314 1529 4393 ..praepositum
1563 4331 1593 4376 a.
1628 4315 1660 4376 d.
1686 4312 1777 4386 1740.

379 4404 427 4474 (ln
451 4419 523 4482 pag.
549 4403 589 4463 27
614 4408 752 4466 occurrit
774 4408 900 4482 insigne
924 4405 1053 4482 capituli
1078 4403 1347 4481 Ingelheimensls
1379 4407 1500 4480 pictum
1533 4407 1564 4462 et
1587 4402 1777 4462 deauratum

380 4494 411 4550 in
436 4492 650 4566 membrana.)

484 4612 556 4672 pag.
581 4594 732 4657 62-108
755 4613 878 4658 vacuae
903 4601 989 4656 sunt.

483 4718 678 4776 Instrumenta
700 4723 730 4776 in
753 4737 819 4792 pag.
849 4722 948 4777 1-17
973 4727 1042 4776 sunt
1065 4719 1230 4790 originalia,
1255 4734 1345 4774 manu
1368 4719 1485 4791 propria
1507 4717 1637 4772 Thomae
1653 4715 1776 4796 Joannis

380 4807 495 4861 abbatis
520 4805 717 4863 Carloviensis
742 4824 796 4863 nec
820 4824 880 4863 non
903 4807 1033 4863 Thadaei
1056 4805 1225 4876 Schtvaiger
1248 4805 1439 4876 protonotarii
1473 4805 1643 4874 subscripta
1677 4810 1705 4858 et
1738 4806 1775 4858 si·

380 4893 457 4962 gillis
481 4895 639 4948 eorundem
663 4897 861 4965 communita3
885 4895 1036 4966 privilegia
1059 4907 1127 4948 vero
1151 4892 1181 4947 in
1205 4907 1271 4962 pag.
1298 4892 1421 4948 25-61
1448 4897 1517 4946 sunt
1540 4889 1658 4962 copiata
1681 4897 1709 4944 et
1731 4905 1779 4960 per

379 4980 415 5036 A.
439 4979 492 5034 Th.
516 4961 643 5050 Sticika
668 4986 866 5052 praepositum
890 4989 918 5036 et
940 4983 1171 5052 protonotarium
1197 4979 1393 5050 apostolicum
1417 4977 1569 5034 vidimata.
1608 4975 1711 5033 Codex
1733 4977 1779 5032 hic

381 5069 442 5122 sine
467 5067 556 5124 dubio
580 5083 595 5122 e
619 5070 745 5125 canonia
769 5068 953 5124 Carloviensi
978 5067 1121 5139 provenit.

1056 5286 1107 5335 438
