3974 6014
403 585 424 634 V

382 801 482 875 tisper
505 797 600 858 novis
623 793 775 854 librorum
800 793 896 854 donis
920 778 1091 871 suppletus
1114 796 1146 854 in
1170 793 1366 858 bibliotheca
1396 796 1523 854 musaei
1556 797 1645 871 regni
1677 791 1780 852 Bohe·

382 904 475 969 miae,
511 913 608 976 quem
634 896 737 975 primo
760 895 875 958 Wenc.
903 895 1022 958 Hanka
1045 897 1163 975 publici
1187 897 1266 958 luris
1298 891 1411 976 iecit'),
1443 901 1609 975 postremo
1642 893 1779 956 Hanslik

382 1007 470 1082 operi
494 1018 556 1063 suo
580 1009 625 1078 ip.
653 999 791 1077 18-22)
815 1003 958 1072 inseruit,
983 1001 1016 1062 in
1040 1017 1115 1081 qu0,
1139 1007 1175 1062 ut
1190 1001 1239 1063 ille
1263 1000 1474 1080 computavit,
1501 999 1572 1074 192,
1596 999 1780 1061 secundum

382 1106 542 1169 Hanslihii
566 1108 844 1183 computationem
869 1103 933 1166 204
956 1105 1088 1166 codices
1122 1108 1245 1179 (certus
1276 1108 1363 1166 enim
1394 1121 1551 1167 numerus
1584 1107 1681 1164 statui
1713 1120 1779 1166 non

382 1217 490 1289 potest
513 1216 643 1289 propter
665 1225 803 1270 mancos
827 1215 971 1270 veterum
989 1209 1210 1287 catalogorum
1229 1207 1353 1287 titulos)
1369 1213 1609 1280 enumerantur,
1626 1225 1644 1268 e
1660 1208 1779 1286 quibus

382 1315 424 1376 42
462 1315 625 1391 posterius
659 1312 760 1374 additi
795 1317 881 1384 sunt,
923 1313 1021 1373 ceteri
1060 1316 1162 1390 prima
1200 1329 1300 1374 manu
1338 1313 1483 1390 inscripti
1517 1313 1780 1392 antiquissimam

382 1417 508 1496 collegii
538 1413 678 1478 Carolini
710 1417 863 1478 librorum
898 1417 1027 1494 copiam
1063 1422 1315 1495 repraesentant.
1362 1415 1556 1494 Catalogum
1591 1417 1678 1478 hunc
1713 1433 1779 1478 non

382 1537 458 1582 esse
482 1525 642 1598 integrum
665 1518 802 1582 Hanslik
838 1521 870 1592 (1.
895 1537 922 1582 c.
947 1519 1013 1594 22),
1048 1519 1130 1582 Rud.
1165 1515 1337 1595 Wollran⁸)
1372 1522 1488 1582 eodem
1524 1537 1590 1581 non
1625 1523 1780 1582 contineri

382 1627 480 1688 libros
503 1625 669 1686 Wilhelmi
705 1624 820 1686 decani
844 1625 1070 1702 opinabantur.
1107 1624 1199 1704 Quas
1226 1629 1397 1703 opiniones
1420 1624 1522 1686 falsas
1544 1639 1621 1684 esse
1645 1625 1779 1686 demon·

384 1741 484 1792 strare
509 1729 683 1790 studebam
707 1728 936 1806 disquisitione
960 1729 1132 1790 bohemica
1170 1727 1261 1790 ›Dva
1284 1726 1369 1790 stare'
1394 1729 1547 1807 katalogy
1570 1728 1648 1790 knih
1672 1726 1780 1806 kolleji

385 1827 623 1911 Praiskych«⁹)
655 1831 824 1910 probando
859 1836 997 1910 primum
1032 1836 1215 1911 catalogum
1253 1849 1319 1894 non
1354 1849 1429 1893 esse
1465 1839 1624 1903 truncum,
1661 1849 1779 1911 nempe

382 1942 433 2000 cui
457 1937 563 1999 codex
586 1935 749 1998 Plinianus
773 1935 816 2014 (n.
841 1936 940 2010 2425)
963 1954 1004 1998 ne
1027 1937 1157 1998 inscribi
1187 1937 1317 2016 quidem
1343 1937 1513 2016 potuisset,
1545 1937 1672 2008 deinde,
1705 1953 1780 1998 cum

383 2058 483 2104 manu
517 2045 620 2120 prima
653 2041 829 2119 inscriptus
863 2047 954 2104 esset
986 2041 1093 2103 codex
1118 2040 1212 2111 2350,
1247 2045 1301 2120 qui
1336 2059 1377 2102 ex
1401 2042 1594 2102 bibliotheca
1616 2040 1780 2102 Wilhelmi

383 2147 498 2207 decani
522 2145 692 2208 manifeste
717 2149 873 2224 provenit,
898 2146 1081 2224 catalogum
1106 2150 1249 2224 acceptis
1273 2147 1406 2208 demum
1430 2147 1577 2208 eiusdem
1601 2147 1688 2206 libris
1704 2162 1780 2206 esse

382 2253 612 2328 conscriptum.
651 2249 701 2311 Ex
725 2251 919 2312 bibliotheca
952 2251 1075 2328 collegii
1099 2247 1240 2312 Carolini
1275 2253 1385 2328 utique
1410 2252 1499 2310 multi
1523 2250 1655 2310 codices
1679 2253 1780 2312 nostri

382 2360 609 2432 provenerunt,
633 2369 718 2432 quos
735 2359 843 2414 tamen
868 2369 1057 2414 enumerare
1074 2352 1202 2414 difficile
1219 2359 1279 2424 est,
1303 2371 1379 2415 cum
1400 2371 1520 2432 magna
1536 2371 1611 2432 pars
1628 2354 1779 2414 librorum

381 2459 645 2536 inscriptionibus
668 2463 785 2534 careat,
810 2463 842 2518 et
865 2462 1049 2535 signaturae
1071 2465 1209 2530 vetereS,
1234 2475 1318 2536 quae
1335 2463 1521 2536 supersunt,
1546 2462 1640 2518 cuius
1657 2459 1780 2536 collegii

381 2561 460 2622 liber
481 2561 557 2622 olim
581 2561 683 2634 luerit,
708 2578 779 2622 raro
804 2562 1037 2622 demonstrent.
1061 2559 1144 2622 Tres
1169 2567 1293 2622 tantum
1317 2563 1447 2623 codices
1471 2561 1558 2636 (409,
1581 2561 1655 2636 470,
1681 2561 1779 2635 2299)

381 2664 545 2726 veteribus
568 2665 691 2743 collegii
715 2664 854 2727 Carolini
878 2669 1051 2744 signabitis
1075 2665 1253 2726 hodiedum
1278 2669 1454 2728 instructos
1471 2667 1779 2728 commemorandos

380 2784 511 2840 cense0,
546 2785 631 2847 quos
654 2787 695 2830 ex
719 2770 912 2830 bibliotheca
935 2767 967 2831 S.
992 2769 1017 2829 J.
1044 2768 1245 2832 Clementina
1279 2772 1476 2832 obtinuimus
1511 2773 1637 2845 (tertius
1660 2774 1724 2830 iam
1747 2773 1779 2830 in

381 2875 528 2951 catalogo
562 2879 790 2953 antiquissimo
815 2907 856 2918 -
880 2873 1017 2936 Hanslik
1053 2874 1153 2936 19-
1178 2877 1339 2954 occurrit),
1375 2882 1501 2937 ceteros
1536 2874 1635 2934 index
1668 2879 1781 2934 noster

381 2977 443 3038 sub
466 2995 549 3038 voce
576 2979 764 3056 »collegium
789 2977 913 3040 Caroli«
940 2979 1184 3054 demonstrabit.
1233 2978 1281 3041 De
1306 2979 1540 3059 posterioribus
1564 2978 1779 3038 bibliothecae

381 3081 478 3142 huius
513 3083 635 3160 collegii
670 3083 743 3144 iatis
767 3092 892 3162 praeter
915 3085 956 3156 id,
992 3084 1079 3163 quod
1103 3083 1241 3145 Hanslik
1269 3083 1397 3162 profert,
1432 3083 1474 3144 nil
1498 3087 1700 3160 compertum
1723 3083 1779 3142 ha-

380 3185 506 3246 bemus

488 3323 593 3385 Etiam
617 3325 657 3385 de
681 3325 882 3386 bibliothecis
905 3328 1028 3405 collegii
1052 3333 1280 3406 magistrorum
1305 3331 1449 3389 caesarei
1465 3333 1497 3388 et
1511 3327 1648 3404 angelici
1665 3342 1778 3403 parum

381 3432 555 3490 memoriae
580 3429 742 3507 proditum
763 3425 873 3508 est;¹⁰>
897 3431 928 3492 id
952 3433 1059 3492 solum
1091 3439 1169 3492 noto
1193 3449 1234 3493 ex
1257 3433 1452 3492 bibliotheca
1474 3431 1597 3508 collegii
1622 3428 1777 3490 Omnium

381 3530 586 3608 Sanctorum,
610 3537 729 3612 quippe
754 3534 842 3612 quod
866 3537 1097 3596 catholicorum
1122 3541 1229 3613 partes
1254 3541 1403 3596 secutum
1428 3551 1596 3614 nunquam
1619 3535 1776 3594 abolitum

381 3641 479 3707 esset,
503 3637 610 3698 nullos
634 3637 765 3698 codices
789 3638 884 3698 nobis
908 3638 1072 3716 obtigisse.

396 3787 399 3796 ⁴
488 3775 729 3836 accedentibus
752 3777 794 3836 ad
819 3777 1014 3838 scholarium
1045 3779 1189 3857 collegia,
1225 3795 1308 3856 quae
1340 3778 1449 3837 itidem
1482 3782 1551 3837 suis
1575 3777 1778 3837 bibliothecis

379 3879 575 3958 gaudebant,
612 3883 749 3957 primum
784 3886 923 3941 occurrit
957 3883 1126 3960 collegium
1150 3880 1298 3943 Nationis
1334 3882 1534 3954 bohemicae,
1571 3881 1658 3959 quod
1691 3882 1779 3940 libris

381 3999 465 4044 saec.
503 3981 563 4042 XV
586 3999 662 4060 prae
693 3987 808 4044 ceteris
835 3985 962 4045 videtur
994 3986 1192 4046 abundasse.
1233 3983 1336 4046 Situm
1372 3991 1439 4046 erat
1462 3989 1494 4045 in
1517 3985 1587 4046 loro
1622 3990 1778 4062 pomario

381 4087 469 4164 quod
491 4102 579 4146 nunc
596 4088 718 4158 dicitur,
742 4088 912 4149 adiacente
929 4089 1016 4149 aba.
1038 4089 1118 4150 1413
1143 4089 1276 4167 collegio
1294 4088 1450 4167 Hedvigis
1467 4093 1605 4166 reginae.
1631 4088 1777 4167 Quorum

379 4190 597 4267 collegiorum,
621 4195 657 4250 ut
679 4197 769 4252 erant
792 4197 897 4252 vicina
913 4198 945 4252 et
960 4197 1101 4254 maxime
1125 4191 1270 4265 finitima,
1295 4196 1431 4271 catalogi
1448 4210 1579 4272 quoque
1604 4209 1689 4253 saec.
1718 4191 1778 4252 XV

381 4309 449 4354 uno
472 4294 552 4354 libro
575 4299 717 4355 contenti
741 4303 917 4373 supersunt
939 4302 971 4358 et
993 4297 1090 4358 hodie
1114 4301 1145 4358 in
1170 4298 1363 4358 bibliotheca
1395 4299 1599 4358 illustrissimi
1624 4300 1776 4374 principis

379 4395 470 4457 Ferd.
495 4395 681 4458 Zdenconis
705 4399 745 4458 de
770 4397 968 4460 lobkowicz
993 4399 1189 4462 Rudnicensi
1214 4401 1264 4462 Vl.
1282 4401 1317 4462 E.
1336 4401 1393 4462 i.8
1417 4405 1533 4478 signati
1558 4407 1777 4461 asservantur.

494 4634 521 4714 7)
545 4643 792 4714 Verhandlungen
816 4647 865 4700 der
889 4645 955 4704 Ges,
981 4619 1007 4702 d.
1035 4648 1134 4704 vaterl.
1160 4647 1236 4704 Mus.
1265 4649 1344 4704 1840
1368 4665 1396 4718 p.
1422 4649 1557 4705 lib—76.

509 4750 520 4818 )
544 4747 650 4807 Gesch.
677 4751 705 4806 d.
731 4750 892 4804 deutschen
914 4749 1068 4806 Litteratur
1091 4749 1120 4804 in
1143 4749 1274 4806 Bdhmen
1296 4768 1325 4822 p.
1351 4751 1400 4809 59.

493 4843 520 4922 9)
544 4847 667 4908 vestm
690 4835 722 4911 d.
751 4853 786 4909 A.
815 4855 894 4909 1904
918 4871 945 4924 p.
971 4855 1129 4912 98-105.

481 4947 517 5026 10)
542 4955 574 5011 ln
597 4956 720 5026 collegio
755 4956 888 5025 angelico
923 4973 949 5011 a.
978 4957 1057 5012 1603
1093 4957 1276 5014 habebantur
1300 4961 1360 5015 226
1385 4962 1512 5029 codiceS,
1546 4962 1581 5018 51
1610 4961 1781 5029 membran,

384 5041 441 5100 175
466 5044 557 5098 chart.
581 5042 632 5114 (ci.
657 5038 769 5112 lienus,
794 5039 1017 5112 Quellenlrunde
1041 5059 1069 5113 p.
1095 5043 1156 5112 21).
