3974 6014
17 4991 18 5042 l

17 5091 19 5139 l

18 5215 19 5262 l

1538 592 1585 642 XV

182 804 334 884 Decalogi
356 803 424 866 Joa.
448 802 604 882 Vicleph‹
630 803 694 864 hoc
717 802 800 864 falso
822 805 912 864 titulo
928 807 1094 864 instruxit:
1122 803 1252 866 ›Jacobi
1269 805 1309 864 de
1328 802 1413 864 Misa
1429 801 1585 864 Defensio

180 911 246 970 libri
270 910 472 988 dialogorum
494 907 563 970 Joa.
587 905 777 985 Wiclephi.‹
805 905 890 986 Quin
914 911 1011 968 etiam
1034 911 1066 968 in
1090 907 1203 969 codice
1223 905 1304 969 1805
1328 906 1379 980 (X.
1401 909 1438 968 A.
1457 906 1487 978 2,
1504 914 1579 968 ante

180 1013 216 1073 Y.
239 1013 272 1076 ll.
297 1013 327 1074 4.
351 1031 381 1074 n.
407 1010 451 1089 2.)
488 1012 676 1072 ›Albertum
699 1009 800 1071 thium
825 1009 1018 1072 Rokizanis‹
1046 1010 1082 1087 (1)
1107 1015 1236 1077 invenit.
1272 1027 1474 1090 quamquam
1497 1015 1578 1072 anti·

181 1133 266 1197 quus
282 1117 453 1194 catalogus
470 1123 555 1177 recte
571 1118 662 1193 ponit
681 1113 895 1176 ›Ranconis«.
914 1113 1002 1176 Licet
1016 1121 1127 1176 autem
1144 1114 1429 1176 Zimmermannus
1447 1118 1584 1176 monstri

181 1221 362 1281 simillimus
384 1218 488 1280 fuisse
510 1219 666 1287 videatur,
691 1225 800 1280 tamen
823 1233 890 1280 non
907 1223 1014 1280 ausim
1037 1225 1084 1280 tot
1106 1225 1139 1280 et
1154 1225 1315 1281 tantarum
1332 1219 1584 1294 mutilationum,

181 1339 265 1404 quae
291 1327 323 1386 in
346 1323 515 1386 codicibus
539 1326 660 1384 nostris
683 1327 865 1396 occurrunt,
890 1339 965 1384 eum
989 1325 1185 1394 insimulare,
1217 1329 1422 1402 quantopere
1446 1321 1584 1384 Hanslilr

181 1431 213 1508 ll.
237 1446 264 1490 c.
294 1429 366 1507 123)
399 1429 606 1502 insimulavit,
630 1444 705 1489 cum
729 1428 806 1490 mihi
829 1431 1047 1506 persuaserim
1080 1428 1265 1506 complures
1289 1428 1422 1488 codices
1438 1432 1583 1505 tempore

181 1535 283 1594 multo
307 1536 482 1594 vetustiore
505 1537 538 1593 et
560 1535 685 1610 passim
709 1548 749 1592 eo
772 1533 908 1593 consilio
932 1533 1098 1592 mutilatos
1123 1547 1211 1606 esse,
1234 1537 1271 1592 ut
1291 1531 1446 1610 incogniti
1463 1548 1483 1591 a
1500 1531 1587 1592 furo·

182 1639 271 1700 ribus
293 1637 543 1698 vindicarentur.
576 1633 643 1698 Sed
666 1641 832 1714 utcunque
856 1652 892 1696 se
916 1652 969 1696 res
991 1637 1098 1700 habet.
1122 1633 1155 1696 id
1178 1641 1301 1696 certum
1325 1641 1385 1710 est,
1420 1639 1447 1696 si
1470 1634 1587 1698 Scher-

182 1742 319 1804 schnikii
335 1741 519 1819 catalogum
535 1744 786 1818 comparaveris,
810 1739 1110 1801 Zimmermannum
1127 1743 1159 1801 in
1175 1740 1400 1801 describendis
1417 1739 1586 1800 codicibus

182 1862 294 1924 parurn
327 1843 516 1924 profecisse,
551 1849 586 1904 ut
610 1859 690 1906 sane
714 1846 838 1904 mireris
861 1845 932 1903 eius
956 1843 1140 1920 catalogrun
1164 1847 1239 1902 usui
1261 1849 1294 1903 et
1316 1841 1503 1904 officialium
1539 1845 1585 1904 bi·

181 1951 362 2012 bliothecae
386 1955 418 2010 et
439 1953 582 2010 virorum
606 1949 815 2008 litteratorum
839 1950 996 2025 tantisper
1018 1949 1206 2008 inservisse.

290 2107 442 2167 Attamen
465 2105 497 2166 hi
521 2108 656 2184 utrique,
680 2111 716 2164 ut
737 2103 789 2164 hic
813 2105 981 2182 catalogus
1006 2103 1121 2164 saltem
1145 2105 1309 2182 exaliqua
1334 2109 1422 2181 parte
1447 2106 1585 2180 corrige·

182 2219 268 2273 retur
290 2217 322 2272 at
345 2211 557 2288 suppleretur,
580 2210 631 2269 alii
654 2209 745 2269 aliter
768 2207 962 2287 procedente
987 2213 1131 2286 tempore
1163 2224 1295 2285 operam
1330 2207 1460 2268 dabant.
1501 2206 1585 2271 Cum

181 2321 245 2376 iarn
268 2314 406 2376 Hanslilr
429 2317 461 2374 in
484 2313 564 2373 libro
588 2328 650 2374 suo
673 2315 858 2389 complures
882 2312 1014 2373 codices
1038 2315 1247 2390 pretiosiores
1279 2312 1518 2389 descripsisset,
1540 2315 1588 2371 vir

183 2420 411 2481 celeberrimus
435 2417 468 2478 P.
492 2415 519 2477 J.
543 2394 680 2492 Safaiik,
705 2416 917 2477 bibliothecae
941 2415 1135 2495 praefectus,
1159 2417 1320 2494 opuscula
1336 2417 1486 2476 codicum
1505 2415 1586 2475 mis-

182 2525 399 2584 cellaneorum
415 2521 552 2598 catalogi
569 2517 875 2580 Zimmermanniani
893 2519 1109 2581 exscribenda
1125 2525 1156 2579 et
1172 2517 1355 2580 secundum
1372 2520 1584 2598 alphabetum

183 2627 363 2688 ordinanda
397 2629 529 2696 curavit,
564 2627 618 2702 qui
642 2625 811 2701 catalogus
835 2624 1001 2684 schedulis
1025 2629 1200 2684 contextus
1224 2624 1333 2685 adhuc
1357 2629 1476 2685 exstat.
1522 2621 1585 2686 Cui

182 2735 346 2792 successit
369 2735 523 2790 strenuus
545 2733 594 2789 vir
616 2727 642 2787 J.
666 2723 793 2802 Hanus,
826 2731 880 2806 qui
903 2729 1081 2806 permultas
1103 2727 1246 2789 schedas
1278 2727 1492 2806 descriptivas
1515 2744 1586 2787 cor-

181 2841 263 2897 rexit
285 2841 317 2896 et
339 2836 509 2912 supplevit,
548 2837 580 2894 in
603 2833 773 2893 codicibus
796 2833 913 2908 latinis,
949 2832 1038 2910 quod
1062 2833 1155 2892 valde
1179 2833 1357 2894 dolendum
1382 2836 1442 2904 est,
1478 2833 1586 2909 peiore

186 2957 269 3002 usus
292 2939 423 3001 fortuna
448 2953 547 3016 quam
570 2941 602 2999 in
626 2937 815 2998 bohemicis.
861 2934 906 2997 Ut
928 2937 970 2997 ad
994 2942 1168 2998 extraneos
1203 2942 1378 3008 transeam,
1413 2935 1582 2995 clarissimi

182 3047 334 3106 historiae
364 3046 562 3102 scrutatores
586 3040 678 3101 Pertz
708 3045 740 3101 et
761 3038 980 3101 Wattenbach
1012 3043 1075 3100 iam
1106 3057 1136 3101 a.
1165 3039 1332 3101 1847-49
1364 3043 1398 3100 in
1421 3038 1541 3099 Archiv
1565 3037 1586 3098 i.

183 3150 232 3209 alt.
258 3147 417 3208 deutsche
440 3143 562 3206 Gesch.
587 3143 638 3213 lX,
662 3142 836 3205 489-472
860 3149 892 3204 et
913 3143 953 3218 X,
977 3142 1151 3205 657-670
1173 3144 1307 3205 codices
1331 3147 1475 3217 nostros
1501 3159 1586 3221 quos

183 3253 224 3312 ad
246 3252 413 3313 historiam
451 3257 598 3328 spectare
622 3252 654 3310 in
678 3247 931 3309 Zimmermanni
965 3247 1114 3324 catalogo
1150 3247 1362 3320 offenderant,
1400 3251 1587 3307 accuratius

185 3357 436 3434 descripserunt.
460 3353 527 3417 Sed
550 3359 583 3414 et
604 3357 798 3414 nostratium
823 3353 1005 3430 diligentiae
1029 3359 1061 3413 et
1077 3353 1188 3414 studio
1213 3354 1386 3430 plurimum
1412 3351 1584 3412 debemus

185 3459 240 3520 Vir
262 3461 424 3520 maximae
447 3459 624 3520 industriae
641 3455 677 3519 C.
695 3457 807 3519 Hdsser
830 3473 896 3518 non
921 3459 1028 3517 solum
1044 3459 1076 3518 in
1100 3457 1253 3536 operibus
1278 3462 1347 3518 suis
1372 3455 1531 3534 (inprimis
1555 3457 1587 3516 in

187 3562 404 3644 Scriptoribus
428 3580 486 3623 rer.
511 3563 614 3624 husis.
639 3569 671 3622 et
693 3559 892 3623 inConciliis
916 3560 1148 3639 Pragensibus)
1176 3562 1296 3622 multos
1320 3561 1452 3622 codices
1477 3575 1588 3618 excer-

187 3671 260 3746 psit,
284 3667 344 3728 sed
368 3666 465 3727 etiam
489 3669 520 3727 in
544 3671 652 3726 vetere
675 3667 825 3744 catalogo
848 3669 922 3743 ipso
945 3666 1130 3743 complures
1154 3666 1263 3726 titulos
1287 3665 1489 3736 emendavit;
1522 3663 1588 3723 duo

187 3778 295 3835 autern
318 3773 370 3834 alii
393 3773 611 3832 universitatis
635 3770 808 3848 Pragensis
832 3769 1038 3849 professores
1069 3769 1260 3848 dignissimi,
1292 3767 1374 3830 Frid.
1400 3767 1534 3830 Schulte
1557 3772 1590 3828 et

187 3874 256 3938 Joh.
282 3873 380 3949 Kella,
415 3875 548 3936 codices
581 3873 745 3954 quosdam
779 3881 912 3936 nostros
947 3874 1165 3953 singularibus
1199 3876 1441 3935 commentariis
1472 3889 1492 3932 a
1522 3889 1587 3950 reg.

189 3976 305 4041 Societ.
330 3982 442 4040 scient.
466 3977 645 4040 Bohemica
668 3979 761 4040 editis
784 3982 1029 4040 accuratissime
1060 3977 1312 4057 descripserunt,
1348 3979 1427 4038 alter
1456 3977 1589 4038 codices

188 4085 303 4144 adius
326 4084 521 4146 canonicum
546 4089 733 4161 spectantes
757 4081 851 4158 (»Die
876 4082 1142 4144 canonistischen
1166 4079 1420 4144 Handschrilten
1437 4086 1469 4143 in
1487 4082 1585 4159 Prag«

189 4207 216 4249 a.
244 4187 348 4262 1868),
379 4188 457 4249 alter
486 4188 619 4249 codices
650 4191 842 4266 scriptorum
873 4191 944 4248 aevi
974 4191 1097 4266 antiqui
1127 4184 1223 4261 (›Die
1247 4185 1453 4248 klassischen
1476 4184 1590 4246 Hand·

190 4293 339 4356 schriften
369 4293 420 4354 bis
443 4291 561 4354 herauf
590 4307 667 4352 zum
701 4291 911 4352 vierzehnten
947 4289 1185 4352 Jahrhundert«
1211 4307 1238 4351 a.
1268 4289 1374 4362 1872).
1420 4289 1589 4351 Praeterea

190 4397 329 4459 eundem
352 4401 456 4458 virum
481 4396 709 4458 doctissimum
733 4395 759 4457 J.
784 4394 883 4470 Kelle,
915 4399 1008 4456 cuius
1040 4395 1222 4474 diligentiae
1253 4393 1448 4456 bibliotheca
1477 4399 1591 4454 nostra

191 4505 284 4562 etiam
309 4500 435 4562 tabulas
457 4503 673 4561 vetustiorum
705 4499 855 4560 codicum
885 4504 1146 4578 germanicorum
1169 4503 1200 4560 in
1226 4497 1369 4577 Serapeo
1392 4497 1452 4560 XX
1476 4497 1588 4575 (1859)

191 4611 342 4684 acceptas
364 4603 469 4679 refert,
492 4607 524 4665 in
548 4604 696 4666 eiusdem
721 4603 939 4682 ephemeridis
964 4608 1061 4664 tomis
1084 4601 1277 4666 XX-XXII
1299 4607 1342 4678 (a.
1365 4600 1589 4681 1859-1861)

193 4711 374 4788 complures
397 4708 529 4770 codices
552 4709 680 4781 latinos,
716 4707 835 4787 quibus
868 4711 1067 4786 interspersa
1090 4715 1167 4769 sunt
1200 4709 1361 4786 opuscula
1392 4711 1589 4785 germanica,

193 4817 380 4874 excussisse
404 4816 536 4874 minime
558 4813 789 4890 negligendum
814 4819 901 4890 puto.

298 4967 363 5032 Sed
387 4973 537 5049 quamvis
560 4971 649 5030 omni
673 4968 768 5029 laude
792 4969 879 5046 digni
893 4972 957 5030 sint
967 4972 1034 5040 viri,
1049 4973 1104 5047 qui
1129 4967 1264 5046 singulis
1281 4967 1450 5030 codicibus
1468 4971 1590 5029 nostris

196 5078 373 5134 accuratius
408 5073 630 5134 describendis
665 5089 797 5151 operam
833 5072 988 5148 dederint,
1027 5079 1136 5134 tamen
1170 5073 1212 5149 id,
1248 5073 1424 5150 quodiam
1452 5070 1591 5133 Hanslilr
