4048 6012
1027 634 1090 697 215

904 721 960 728 ...-

467 843 486 904 l.
512 837 716 903 2232—2931‘
745 841 978 920 Quaestiones
1013 841 1132 902 variae
1165 841 1202 903 in
1234 843 1342 904 libros
1377 844 1629 906 sententiarum
1663 845 1757 908 Petri

356 927 541 992 Lombardi
564 929 777 1006 (indigestum
802 945 886 1006 opus
910 929 975 989 fine
999 931 1139 1002 carens).

464 1017 484 1118 1ἱ
510 1015 713 1077 294·-294”
739 1015 907 1093 Expositio
942 1015 1147 1094 quarundam
1178 1033 1297 1076 vocum
1329 1017 1499 1078 latinarum
1523 1019 1629 1084 latina.
1654 1025 1758 1080 conti-

355 1102 719 1251 ῃυθωῐῗῃῖἓὸξίὲῗῦῑείο
743 1190 894 1249 librorum
919 1193 1086 1265 utriusque
1109 1194 1303 1250 testamenti.

462 1277 482 1338 i.
507 1271 1025 1355 296G10ssylleskesebrane.
1062 1275 1113 1334 ·ln
1139 1280 1312 1353 pretorium
1338 1276 1381 1337 do
1406 1277 1507 1338 domu
1531 1279 1677 1339 radneho
1700 1282 1749 1339 vei

352 1380 395 1423 na
419 1365 708 1512 Γ841Ὓ2Ζ9ι7ᾸΙ-’3118ὒ
733 1455 764 1509 et
779 1447 983 1508 {illl—322fl
1015 1447 1191 1509 Vocabula
1222 1447 1345 1510 biblica
1377 1449 1551 1527 explicata
1580 1456 1615 1513 et
1646 1453 1747 1514 bohe-

351 1536 439 1600 mice
461 1537 618 1615 glossata
640 1533 910 1614 (Mammotrekt,
942 1533 981 1596 cl.
1007 1529 1133 1603 Hanus.
1158 1533 1323 1614 Dodavky
1346 1535 1380 1608 ii,
1409 1539 1449 1610 l).
1473 1554 1539 1598 non
1565 1541 1747 1600 secundum

349 1624 558 1702 alphabetum
583 1625 642 1685 sed
667 1622 850 1684 secundum
875 1622 1021 1682 ordinem
1046 1622 1215 1682 bibliorum
1240 1622 1375 1699 digesta.

348 1711 589 1859 ἀθϋει116309·
621 1717 652 1771 et
685 1705 764 1770 322b
800 1709 1021 1786 allegationes
1056 1706 1312 1769 Wiclefistarum
1352 1709 1392 1770 de
1442 1712 1670 1772 combustione
1716 1720 1752 1774 et

454 1883 474 1946 f.
499 1845 705 1945 1123“-359·
731 1880 926 1943 »Vocabula
948 1897 1056 1960 super
1078 1881 1258 1958 evangelia
1281 1887 1316 1943 et
1328 1881 1528 1959 epistolas«.
1547 1883 1599 1945 »ln
1616 1903 1743 1964 ewang.

345 1967 422 2032 Mat.
448 1973 563 2050 legitur
581 2019 588 2032 .
609 2023 614 2032 .
635 2019 640 2031 .
661 1968 816 2030 Osanna«
844 1969 876 2026 ><
903 1974 954 2028 »et
976 1969 1048 2029 talis
1072 1972 1256 2028 comutacio
1281 1969 1396 2029 dicitur
1412 1975 1654 2032 commercium.
1679 1972 1744 2033 Ex·

345 2057 431 2135 plicit
453 2059 516 2119 hoc
547 2064 659 2127 totum,
695 2056 829 2117 inlunde
860 2060 1015 2123 mustum,
1051 2055 1094 2114 da
1117 2055 1191 2114 mihi
1217 2060 1340 2132 potum.
1364 2055 1398 2118 ln
1422 2059 1528 2135 vigilia
1550 2056 1676 2119 Martini
1701 2061 1741 2120 de

345 2149 455 2206 musto
478 2144 515 2206 fit
538 2150 614 2206 tunc
638 2144 714 2205 boni
736 2146 820 2202 vini«
846 2146 933 2214 (sic).

452 2232 472 2292 i.
496 2227 602 2292 3591‘-
621 2229 701 2290 427·
725 2227 957 2308 Quaestiones
987 2224 1044 2287 IV.
1078 2226 1156 2288 libri
1179 2227 1443 2290 sententiarum.
1471 2228 1639 2307 »Queritur
1663 2233 1739 2309 quid

343 2322 383 2378 sit
406 2326 567 2378 caracter«
597 2325 631 2390 >c
662 2323 809 2395 »propter
831 2317 1045 2395 replecionem
1069 2330 1251 2392 corporum.
1277 2314 1317 2375 Et
1340 2319 1387 2375 sic
1411 2321 1462 2376 est
1484 2316 1589 2377 linis,-

449 2425 482 2480 ln
505 2425 585 2496 ligno
609 2426 689 2480 nudo
713 2425 841 2495 operculi
865 2437 961 2494 super.
985 2425 1144 2478 adnotatus
1167 2427 1212 2477 est
1235 2423 1324 2478 index
1351 2429 1566 2481 contentorum.
1584 2423 1685 2481 Codex
1709 2443 1736 2482 a.

344 2513 425 2570 1609
450 2513 643 2569 bibliothecae
666 2511 908 2580 Rosenberglcae,
930 2517 1035 2578 postea
1058 2515 1184 2564 monast.
1208 2507 1406 2565 Tiebonensis
1429 2517 1499 2566 erat.

442 2697 514 2778 215
946 2694 974 2770 I.
1004 2693 1046 2770 E.
1073 2694 1135 2768 30.

339 2843 446 2905 chari.
469 2857 554 2902 saec.
577 2837 644 2901 XV
663 2838 760 2918 (pars
781 2853 813 2896 α.
837 2835 937 2914 1468)
952 2833 992 2917 ff.
1014 2833 1089 2909 364,
1111 2833 1256 2895 21><15
1275 2851 1339 2896 cm.
1363 2835 1395 2895 d.
1418 2853 1463 2896 m.

446 2962 465 3022 i.
494 2955 612 3021 l--37b
636 2957 734 3020 Pauli
755 2956 884 3020 Wanni
907 2956 1107 3030 (Sermones
1131 2956 1193 3015 sub
1210 2957 1302 3017 titulo
1313 2959 1334 3026 :t
1362 2955 1587 3018 »Tractatulus
1605 2962 1645 3020 de
1662 2979 1731 3039 pre-

338 3053 526 3112 servacione
556 3049 698 3108 hominis
721 3062 741 3105 a
765 3049 908 3122 peccato.
942 3042 1056 3105 1468«.
1085 3041 1256 3103 »Miserere
1272 3047 1380 3105 anime
1402 3051 1481 3105 tue.
1503 3096 1507 3106 .
1529 3091 1536 3106 .
1555 3045 1728 3109 Summum

337 3139 500 3200 studium«
536 3183 542 3195 .
575 3181 581 3194 .
615 3135 679 3193 .><
707 3131 907 3209 »Expliciunt
931 3131 1014 3190 dicta
1031 3129 1071 3189 de
1088 3130 1360 3206 temptacionibus
1378 3131 1507 3209 dyaboli
1524 3143 1555 3194 et
1578 3137 1729 3195 remediis

335 3225 421 3286 edita
451 3239 507 3300 per
537 3237 621 3298 mag.
657 3236 722 3280 rev,
754 3217 887 3278 Paulum
926 3221 957 3277 in
989 3217 1134 3288 Patlavia
1152 3215 1345 3290 :Passau)
1377 3234 1535 3297 sacreque
1568 3221 1727 3298 theoogie

357 3311 584 3372 rolessorem.«

335 3329 355 3390 p
441 3413 462 3474 1.
486 3405 647 3474 381-56ὴ
681 3405 873 3470 »Secundus
896 3412 1050 3468 tractatus
1074 3405 1114 3466 de
1137 3407 1266 3482 gaudiis
1299 3407 1487 3468 beatorum«
1514 3411 1547 3466 ><
1573 3411 1660 3472 »Hoc
1684 3414 1731 3473 de

332 3501 462 3580 gaudiis
487 3500 655 3559 beatorum
679 3495 901 3568 exterioribus
925 3494 1127 3555 interioribus
1151 3497 1183 3552 et
1206 3494 1457 3570 superioribus«

440 3603 461 3664 l.
484 3597 646 3663 ote-66¹³
674 3598 896 3659 ·Tractatulus
920 3601 1038 3656 tercius
1062 3595 1102 3655 de
1126 3600 1219 3672 penis
1244 3599 1556 3675 transgrediencium
1574 3613 1725 3680 precepta

331 3693 476 3768 decalogi
523 3693 553 3750 in
577 3687 784 3748 sermonibus
808 3687 902 3745 certis
925 3682 1204 3761 comprehensus«
1232 3685 1264 3738 ><
1289 3683 1447 3762 »Explicit
1471 3689 1659 3748 tractatulus
1684 3691 1724 3749 de

331 3783 425 3858 penis
448 3775 580 3838 inferni«
606 3781 665 3835 etc.

438 3864 457 3925 ί
483 3857 645 3923 67⁸-70b
673 3858 739 3920 ,De
764 3860 966 3936 purgatorio«
995 3857 1025 3910 ><
1053 3854 1210 3932 »Explicit
1233 3861 1367 3918 materia
1391 3858 1431 3918 de
1455 3863 1548 3936 penis
1563 3860 1675 3922 inferni
1693 3871 1724 3922 et

329 3954 500 4030 purgatorii
532 3948 704 4026 compilata
734 3962 791 4023 per
821 3961 884 4003 rev.
921 3959 1005 4020 mag.
1029 3941 1175 4002 Paulum
1198 3941 1350 4004 Wanum
1381 3961 1539 4024 sacreque
1563 3949 1723 4027 theologie

328 4038 569 4118 professorem«
594 4041 654 4094 etc.

434 4144 473 4199 Ut
494 4145 617 4208 videtur,
650 4154 752 4196 omnes
786 4151 935 4193 sermones
969 4137 1120 4206 hucusque
1151 4136 1295 4204 recensiti,
1326 4155 1400 4208 quos
1431 4141 1529 4196 scriba
1551 4145 1606 4198 sub
1630 4145 1721 4199 titulis

326 4239 501 4289 tractatuum
530 4228 759 4299 comprehendit,
793 4231 863 4279 sunt
896 4223 936 4278 M.
972 4221 1053 4277 Pauli
1084 4221 1206 4292 Wanm,
1242 4222 1365 4280 sortasse
1396 4230 1482 4281 etiam
1507 4229 1640 4285 nonnulli
1674 4247 1722 4286 se-

323 4327 455 4461 quente}
477 4393 659 4460 712-„128b
682 4395 868 4457 Sermones
892 4393 933 4453 de
956 4391 1111 4453 fraterna
1134 4392 1358 4467 correctione,
1391 4397 1431 4456 de
1455 4397 1664 4461 confessione
1688 4411 1721 4462 et

322 4493 687 4634 ⁰⁰¹¹ts¹2⁰s139⁸447n
711 4567 898 4630 Sermones
928 4565 972 4626 de
1003 4563 1151 4626 ecclesia
1181 4571 1216 4626 et
1250 4570 1497 4633 communione
1528 4580 1715 4651 praesertim

320 4663 482 4724 adversus
506 4658 672 4719 Bobemos
695 4655 885 4714 haereticos¹

428 4746 448 4808 i.
477 4746 536 4806 148
562 4742 815 4804 »iuramentum
839 4735 1061 4816 perfidissimi
1085 4734 1225 4816 Georgii
1254 4740 1296 4802 de
1328 4741 1564 4808 Podiebrath.«
1598 4746 1715 4809 instru-

319 4840 464 4896 mentum
496 4831 581 4910 publ.
615 4830 747 4890 Protesii
779 4830 869 4886 electi
900 4823 1130 4885 Olomucensis
1162 4825 1274 4887 datum
1308 4829 1428 4908 Pragae
1458 4831 1487 4891 6.
1522 4839 1595 4895 maii
1623 4835 1714 4896 1458.

317 4926 481 5000 copiatum
509 4915 591 4978 1468
615 4923 647 4976 et
669 4914 772 4975 codici
796 4913 971 4989 inligatum.

424 5006 444 5067 i.
473 5000 674 5065 lilii-158b
698 5001 837 5062 Aeneae
867 4996 965 5060 silvii
989 4995 1137 5074 epistola
1161 4998 1203 5058 ad
1225 5002 1398 5063 Joannem
1422 5006 1512 5067 card.
1537 5025 1564 5068 s.
1589 5009 1714 5086 Angeli

316 5096 358 5157 de
381 5095 485 5155 rebus
509 5087 700 5152 bohemicis
723 5087 802 5148 data
822 5083 884 5146 XII
905 5083 974 5144 kal.
999 5083 1091 5160 Sept.
1118 5084 1210 5149 1451.

996 5305 1029 5356 82
