4094 6016
1042 583 1107 644 535

373 793 516 854 doctoris
547 789 632 852 Brod
668 797 809 854 tractans
840 791 881 852 de
911 795 1213 855 communicacione
1244 791 1307 852 sub
1330 795 1466 870 utraque
1490 793 1628 869 specie«
1662 786 1770 860 (Edid.

373 878 476 948 Hatdt
499 876 546 948 ΙΙΙ,
568 876 633 941 416
656 883 720 957 sq.)

481 963 501 1024 l.
527 962 689 1024 714-93α
710 967 817 1038 (rubr.)
841 965 973 1042 ›lnclpit
994 964 1176 1026 Tractatus
1200 980 1288 1042 mag.
1311 962 1445 1028 Nicolai
1476 962 1518 1026 dc
1549 960 1679 1024 Drazna
1710 963 1771 1032 (sic

375 1068 433 1130 pro
457 1044 630 1128 Draidan)
664 1050 706 1113 de
744 1049 1065 1113 communicacione
1100 1052 1165 1112 sub
1188 1056 1334 1128 utraque
1358 1050 1484 1127 specie.
1509 1051 1640 1122 (atram.)
1665 1047 1772 1110 Prima

374 1138 552 1202 conclusio.
577 1135 728 1200 Christus
751 1144 827 1216 post
849 1155 983 1200 cenam«
1010 1141 1042 1194 ><
1077 1141 1157 1200 »hoc
1182 1139 1224 1200 ibi
1247 1138 1425 1200 concordat
1448 1137 1547 1214 supra
1570 1140 1602 1197 in
1624 1137 1646 1196 4
1668 1141 1724 1195 art.
1750 1132 1770 1191 5

374 1225 614 1288 conclusione«
653 1222 838 1302 (Tractatus
861 1226 913 1286 hic
936 1225 1023 1303 apud
1047 1224 1151 1288 Hardt
1173 1224 1219 1299 ΙΙΙ,
1242 1223 1306 1286 586
1330 1240 1379 1301 sq.
1402 1223 1582 1286 attribuitur
1604 1221 1649 1286 M.
1672 1221 1771 1284 Jaco-

374 1311 491 1389 bello).

478 1397 499 1458 i.
523 1394 682 1458 93·-94·
710 1395 987 1461 »Condemnacio
1011 1395 1149 1460 concilii
1178 1396 1463 1460 Constantiensis
1496 1393 1771 1473 (communionis

376 1485 441 1552 sub
464 1481 627 1560 utraque)
648 1479 723 1546 XV.
747 1483 836 1546 iunii
858 1500 888 1545 a.
915 1482 1028 1546 1415«.
1052 1483 1186 1556 (ibidem
1210 1501 1240 1562 p.
1264 1483 1326 1544 647
1352 1487 1417 1562 sq.)

484 1569 504 1630 Ι.
529 1569 690 1630 944-98ι
715 1570 774 1647 (Μ.
807 1570 988 1650 Jacobelli)
1017 1569 1199 1632 Tractatus
1223 1572 1265 1632 de
1288 1571 1457 1648 sanguine
1481 1586 1544 1632 seu
1568 1575 1690 1630 contra
1721 1567 1771 1630 in-

373 1657 597 1726 vocationem
608 1656 741 1718 brachii
752 1657 954 1720 saecularis.
982 1655 1150 1732 »Nescitis
1174 1662 1268 1718 cuius
1292 1661 1424 1735 spiritus
1448 1662 1545 1717 estis«
1574 1659 1604 1712 ><
1638 1657 1717 1715 »illic
1742 1661 1773 1714 et

375 1748 520 1805 minister
542 1759 637 1803 meus
661 1747 727 1805 erit.
751 1745 867 1805 Amen.
891 1745 997 1819 (rubr.)
1027 1745 1165 1821 Explicit
1188 1749 1343 1806 tractatus
1366 1749 1509 1806 tractans
1526 1743 1566 1804 de
1590 1746 1770 1818 sanguine«

375 1831 509 1906 (ibidem
533 1847 562 1908 p.
587 1829 651 1890 648
678 1835 751 1908 sq.).

483 1916 504 1980 t.
528 1912 710 1976 992-1421’
734 1917 823 1995 Mag.
846 1917 982 1980 Nicolai
1005 1916 1047 1978 de
1071 1916 1179 1978 Drazn
1202 1923 1302 1990 (recte
1325 1911 1498 1990 Draidan)
1520 1914 1703 1980 Tractatus
1727 1913 1769 1974 de

375 2021 494 2070 usura.
521 2003 652 2079 »Incipit
674 2009 829 2066 tractatus
853 2009 995 2066 tractans
1019 2004 1060 2064 de
1082 2019 1192 2064 usura.
1229 2002 1363 2082 Species
1398 2020 1496 2064 usure
1521 2008 1598 2064 sunt
1628 2003 1711 2065 due«
1739 2003 1770 2058 ><

378 2091 557 2152 »audacius
580 2090 676 2167 loqui.
701 2090 770 2151 Hec
795 2097 903 2152 autem
926 2092 969 2152 ad
992 2107 1130 2170 presens
1154 2090 1239 2152 dicta
1263 2089 1436 2152 sufficiant.
1460 2089 1599 2168 Explicit
1614 2093 1771 2150 tractatus

377 2195 461 2255 mag.
486 2175 607 2237 Nicolai
631 2176 671 2237 de
695 2175 805 2238 Drazn
829 2183 971 2238 tractans
995 2176 1189 2237 densum«

483 2263 504 2326 Ι.
533 2258 733 2328 1424-146ι
763 2267 836 2338 (alia
869 2263 972 2342 manu)
1006 2263 1143 2341 (Jacobi
1178 2263 1219 2324 de
1253 2261 1359 2340 illisa)
1389 2260 1570 2324 Tractatus
1604 2261 1646 2323 de
1681 2277 1771 2323 com-

376 2350 542 2416 munione
572 2349 744 2426 spirituali
779 2350 1026 2414 sacramentali
1056 2350 1190 2427 integra
1219 2351 1285 2412 sub
1320 2349 1448 2426 duplici
1478 2347 1591 2413 torma
1613 2348 1714 2426 panis
1738 2353 1773 2412 ct

375 2436 451 2499 vini
474 2436 760 2498 communitatem
789 2437 944 2514 plebium
966 2441 1206 2506 concernente.
1234 2435 1403 2498 »Salvator
1425 2441 1561 2498 noster.
1582 2485 1588 2497 .
1609 2439 1666 2498 ,in
1690 2451 1773 2496 cena

376 2541 438 2589 sua
461 2527 661 2584 novissima«
689 2526 720 2580 ><
756 2527 966 2602 »sanguinem
998 2525 1061 2584 sub
1091 2523 1196 2584 forma
1218 2527 1313 2586 vini·
1347 2522 1409 2600 (De
1433 2529 1565 2582 auctore
1588 2521 1628 2582 ct.
1653 2521 1725 2584 cod.
1750 2522 1770 2582 l.

484 2699 578 2754 Vetus
601 2701 676 2770 sign.
701 2699 731 2768 F,
757 2702 785 2756 9.

480 2866 562 2948 535
823 2869 894 2942 ΙΙΙ.
925 2869 969 2942 G.
998 2869 1059 2943 io.
1084 2883 1128 2946 rr.
1148 2884 1182 2935 ιι.
1200 2887 1227 2936 5.
1245 2899 1271 2934 n.
1289 2887 1344 2946 aa.)

377 3010 485 3072 chart.
509 3026 542 3069 α.
565 3007 651 3070 1397
661 3007 708 3090 ff
732 3009 795 3070 142
818 3026 921 3082 rrum„
943 3009 1064 3070 21·5><
1083 3010 1129 3070 15
1150 3027 1212 3070 cm.
1236 3011 1258 3070 2
1279 3027 1325 3069 m.

487 3129 508 3190 f.
537 3123 634 3188 1-4r
658 3127 878 3208 Quaestiones
902 3129 1147 3208 philosophicae
1170 3133 1287 3192 uariae.

485 3215 506 3278 i.
530 3212 671 3275 52-30t
696 3215 851 3296 (anepigr.)
873 3216 1045 3277 Johannis
1060 3215 1182 3278 Wiclil
1193 3221 1362 3278 tractatus
1380 3217 1422 3278 de
1439 3216 1585 3278 materia
1599 3223 1634 3278 et
1647 3215 1771 3280 forma.

381 3303 484 3364 »Cum
518 3305 652 3362 materia
682 3307 714 3363 et
743 3302 847 3363 forma
876 3307 941 3363 sint
962 3304 1176 3363 universalia«
1202 3305 1234 3359 ><
1268 3304 1426 3384 »aliquam
1459 3308 1644 3364 essenciam
1668 3309 1773 3380 preter

378 3391 507 3451 deum«
532 3388 638 3466 (Edid.
663 3388 841 3450 Dziewlcki
866 3407 895 3468 p.
924 3387 982 3451 163
1007 3423 1048 3433 -
1071 3389 1111 3450 cl.
1135 3395 1247 3451 notam
1270 3391 1375 3468 inira.)

486 3475 507 3537 Ι.
531 3472 693 3536 31⁸-69b
716 3475 883 3537 Eiusdem
915 3474 1096 3537 Tractatus
1127 3477 1168 3537 de
1197 3481 1365 3555 tempore.
1400 3476 1602 3556 »Capitulum
1634 3479 1772 3553 primum

379 3561 597 3641 supponendo
622 3567 751 3640 tempus
775 3580 850 3623 csse
874 3563 1033 3624 declarat«
1061 3564 1092 3619 ><
1127 3564 1369 3625 »subtrahendo
1391 3565 1434 3625 ab
1456 3581 1496 3624 eo
1520 3566 1681 3623 oracionis
1704 3561 1772 3622 sul-

378 3649 507 3728 fragia«

486 3735 508 3795 i.
532 3730 714 3795 you-1041>
748 3734 914 3796 Eiusdem
947 3735 1127 3798 Tractatus
1161 3737 1203 3798 de
1237 3736 1506 3798 universalibus.
1542 3735 1700 3796 »Libellus
1732 3735 1772 3794 de

379 3822 617 3883 universalibus
640 3825 783 3882 continet
809 3822 848 3883 15
870 3839 960 3900 cap«
988 3822 1020 3880 ><
1045 3830 1097 3883 »et
1127 3828 1174 3884 sic
1206 3825 1345 3903 loquitur
1374 3821 1410 3884 4⁰
1433 3825 1545 3902 phisic.
1571 3827 1707 3883 tractatu
1731 3821 1771 3882 de

378 3917 533 3986 tempore,
557 3907 646 3985 quod
668 3907 754 3969 idem
778 3915 857 3969 est«

418 4003 423 4014 ·
486 3993 507 4054 i.
546 3990 748 4056 1054-116Ι
770 3994 936 4057 Eiusdem
965 3995 1154 4073 Replicatio
1186 3995 1227 4056 dc
1261 3997 1519 4059 universalibus
1566 3997 1772 4057 »Presentem

379 4081 576 4159 egrediendo
600 4081 822 4158 replicacionis
846 4086 1031 4142 materiam«
1059 4084 1098 4159 ><
1126 4099 1204 4143 »nec
1229 4083 1377 4161 depictus
1401 4093 1452 4144 est
1475 4101 1541 4144 rex.
1565 4083 1703 4161 Explicit
1727 4099 1774 4142 re·

379 4171 513 4246 plicacio
544 4167 585 4226 de
621 4168 868 4240 universalibus
900 4185 998 4247 quam
1031 4173 1058 4228 si
1089 4173 1161 4246 quis
1185 4169 1267 4230 bene
1291 4175 1507 4248 conspexerit,
1530 4171 1650 4230 videbit
1673 4171 1773 4230 multo

380 4255 529 4316 meliores
563 4257 711 4316 raciones
746 4271 803 4333 pro
833 4256 957 4330 eisdem
992 4271 1091 4333 quam
1122 4261 1235 4318 contra
1265 4259 1391 4332 eadem,
1423 4261 1523 4337 prime
1545 4261 1631 4318 enim
1656 4257 1774 4318 directe

379 4341 572 4418 procedunt,
596 4341 656 4401 alie
679 4358 757 4402 vero
781 4358 857 4402 cum
880 4346 1042 4403 extraneis
1066 4344 1358 4405 cauillaclonibus.«
1378 4345 1451 4420 (Ed.
1469 4343 1646 4405 Dziewicki
1662 4360 1692 4421 p.
1715 4341 1774 4402 129

380 4445 419 4504 sq
453 4463 496 4470 —
519 4427 557 4487 cl.
580 4433 691 4487 notam
715 4428 821 4506 inira.)

488 4513 509 4575 Ι.
537 4513 739 4575 1172-1182
763 4513 983 4594 Quaestiones
1007 4516 1263 4592 philosophicae.

488 4599 508 4661 Ι.
537 4597 738 4661 1134-1374
761 4601 933 4664 Johannis
955 4601 1078 4663 Wiclif
1103 4601 1284 4664 Tractatus
1308 4605 1349 4666 de
1373 4603 1471 4666 ideis.
1507 4600 1710 4663 »Tractando
1734 4601 1774 4661 de

380 4687 475 4765 ydeis
499 4691 603 4765 primo
626 4693 752 4765 oportet
775 4704 928 4766 querere«
955 4689 994 4766 ><
1021 4693 1187 4749 »creatura
1210 4691 1308 4750 habet
1330 4693 1449 4770 ydeam
1475 4695 1635 4769 propriam
1653 4693 1684 4750 in
1702 4689 1774 4749 den.

382 4773 521 4851 Explicit
543 4777 697 4834 tractatus
722 4775 762 4834 de
784 4775 880 4853 ydeis
900 4823 906 4838 .
927 4823 933 4836 .
954 4821 962 4837 .
987 4792 1018 4835 a.
1048 4775 1077 4837 d.
1105 4773 1187 4840 1397
1210 4775 1322 4838 finitus
1346 4784 1397 4840 est
1419 4779 1497 4840 liber
1519 4781 1579 4838 iste
1603 4780 1635 4838 in
1658 4776 1714 4838 ier.
1739 4775 1775 4836 lll

381 4865 456 4922 ante
479 4863 684 4922 ascensionis
704 4909 710 4924 .
730 4909 737 4922 .
757 4909 764 4922 .
782 4879 811 4940 g.
837 4863 868 4924 b.
892 4879 943 4940 q.«

489 4945 509 5008 Ι.
537 4945 740 5010 l3t3t—-li2b
770 4948 957 5022 (lobannis
986 4946 1103 5026 Husl)
1135 4947 1303 5028 Quaestio
1341 4957 1476 5014 »utrum
1506 4950 1651 5014 materia
1685 4964 1777 5013 nunc

380 5033 447 5094 sub
470 5049 539 5094 una
562 5032 674 5096 forma
696 5035 924 5100 substanciali
941 5039 975 5098 ct
990 5051 1083 5098 nunc
1099 5037 1164 5097 sub
1180 5036 1248 5098 alia
1263 5037 1422 5100 existens
1434 5038 1482 5102 sit
1497 5037 1677 5102 informis«
1703 5035 1776 5112 (sed

1054 5256 1104 5310 212
