4060 6014
958 533 1022 594 699

403 739 424 802 i
450 739 511 802 247
517 740 655 801 ιι-248
678 739 862 818 Registrum
906 738 1096 802 »Secretarii
1120 743 1333 819 practiee‹
1319 740 1390 800 die
1423 739 1567 801 Martis
1559 757 1591 800 m
1615 742 1688 819 vigil
1770 711 1773 718 Ι

296 826 426 888 Andree
446 804 656 906 perimanus
667 827 879 905 sigimundi
903 827 945 889 de
970 825 1132 890 Grecza.
1156 827 1188 887 d.
1214 823 1296 890 1435
1320 842 1424 887 curre.
1449 826 1538 888 Idem
1561 833 1700 946 occurrit

298 929 476 991 possessor
498 915 596 975 libri
589 932 622 974 rn
644 915 798 993 operculo
822 918 998 993 superiore.

396 1085 474 1166 697
746 1083 815 1161 IV.
845 1087 887 1162 E.
915 1087 976 1162 17.
1005 1101 1049 1170 (Y.
1069 1102 1090 1153 i.
1109 1101 1242 1165 anos.)

296 1209 403 1272 chart.
426 1226 513 1272 saec.
537 1208 606 1272 XV
613 1211 660 1292 ff.
684 1211 746 1273 261
772 1229 875 1284 num„
899 1210 1052 1289 22><15
1072 1227 1135 1272 cm.
1160 1211 1178 1271 1
1202 1227 1248 1271 m.
1272 1227 1351 1271 cum
1375 1208 1446 1270 init.
1465 1207 1542 1289 pici.

294 1330 485 1394 Eberhardi
506 1332 653 1410 Hispani
674 1331 878 1394 Priscianus
902 1332 1067 1395 metricus
1091 1348 1155 1394 seu
1177 1331 1296 1409 potius
1308 1330 1405 1393 Petri
1420 1329 1516 1393 Eliae
1540 1330 1595 1409 (z
1608 1329 1701 1392 Petri

298 1420 340 1482 de
383 1418 484 1498 Riga)
523 1418 803 1482 Commentarius
839 1419 1009 1482 Prisciani
1054 1417 1275 1480 versificatus
1321 1435 1403 1480 cum
1446 1416 1701 1480 commentario

896 1506 1093 1584 marginali.

403 1609 425 1670 i.
449 1609 646 1690 l-Vignon.
671 1626 761 1671 num.
786 1608 968 1687 Registrum
993 1615 1111 1688 operis,

404 1696 425 1757 i.
453 1697 486 1756 1·
509 1695 628 1772 (incipit
651 1700 822 1768 commem.)
849 1695 917 1757 »Ex
940 1712 1006 1773 quo
1024 1697 1102 1757 liber
1116 1713 1253 1775 presens
1267 1699 1333 1774 agit
1345 1695 1384 1754 de
1403 1699 1634 1774 grammatica«
1652 1746 1657 1756 .
1673 1741 1699 1756 ..

407 1801 427 1861 i.
452 1795 488 1860 2b
512 1803 630 1875 (incipit
663 1802 753 1862 Prisc.
788 1805 884 1874 metr.)
918 1799 1029 1860 »Sicut
1062 1801 1183 1861 abesse
1214 1804 1258 1860 rei
1282 1800 1367 1860 soliti
1392 1818 1460 1861 rem
1485 1816 1632 1879 promere
1657 1799 1701 1859 di-

298 1893 397 1948 cunt«
427 1897 459 1961 ><
488 1887 508 1952 l.
533 1886 614 1947 261α
634 1889 732 1960 (Expl.
757 1890 860 1960 metra)
887 1887 966 1947 »hec
990 1890 1022 1947 in
1038 1885 1170 1964 Virgilio
1184 1891 1393 1965 reperimus«
1414 1890 1513 1962 (Expl.
1530 1891 1701 1962 commem.)

298 1980 349 2036 »et
372 1975 516 2034 similiter
538 1979 570 2035 in
594 1975 693 2034 litera.
718 1973 759 2034 Et
781 1978 907 2034 tantum
931 1977 973 2033 sit
996 1975 1118 2035 dictum
1142 1991 1200 2052 pro
1224 1977 1394 2052 presenti«

405 2080 629 2152 Monogramma
651 2083 833 2151 possessoris
856 2097 934 2136 saec.
958 2079 1013 2136 XV
1036 2081 1076 2138 M.
1101 2081 1308 2137 Wenceslaum
1333 2081 1501 2138 Korandam

290 2169 420 2226 ridetur.
443 2167 537 2224 Vetus
560 2172 636 2239 sign.
660 2167 695 2236 D,
725 2169 772 2227 16.

401 2335 482 2417 ooo
761 2337 829 2413 ru
859 2339 901 2414 n
929 2336 991 2412 ra.
1021 2309 1268 2420 (111151.)

298 2459 406 2521 chart.
429 2476 514 2522 saec.
539 2457 609 2520 XV
628 2459 725 2540 (pars
746 2479 778 2521 α.
803 2461 902 2536 1448)
921 2461 959 2544 ff.
983 2461 1047 2524 327
1070 2479 1175 2540 num,
1198 2463 1238 2524 21
1254 2461 1350 2540 ><15
1374 2479 1435 2523 cnr.
1460 2461 1490 2523 d.
1514 2481 1560 2524 m.

407 2564 428 2625 1.
457 2563 600 2627 1-193ι
624 2567 783 2640 (anepigr.)
816 2564 991 2628 Johannis
1014 2565 1055 2628 de
1078 2565 1196 2628 Balbis
1225 2565 1415 2629 Januensis
1430 2641 1431 2644 Ἴ
1446 2565 1615 2629 Prosodia
1637 2583 1702 2628 seu

298 2649 515 2713 Catholicon.
545 2650 720 2712 »Prosodia
743 2653 884 2730 quedam
909 2671 986 2732 pars
1009 2658 1219 2732 grammatice
1242 2659 1467 2732 nuncupatur«
1493 2655 1526 2710 ><
1552 2654 1644 2714 »vide
1668 2658 1699 2714 in

302 2753 363 2798 suo
388 2738 460 2798 loco
485 2737 525 2798 de
549 2737 713 2815 periodus.
737 2739 778 2800 El
802 2743 849 2800 sic
873 2745 925 2801 est
949 2739 1025 2801 finis
1048 2741 1146 2801 huius
1170 2745 1308 2819 operis«

409 2823 431 2884 i.
458 2823 622 2884 194-201
650 2843 756 2886 vacua
783 2831 870 2887 sunt.

407 2911 427 2971 i.
452 2910 653 2972 2022308·
687 2911 845 2990 (anepigr.)
875 2911 1057 2974 Tractatus
1093 2915 1135 2976 de
1170 2913 1283 2976 modis
1317 2913 1537 2992 significandi
1566 2911 1613 2991 (in
1636 2913 1700 2975 fine

300 3005 460 3068 mancus).
489 2997 674 3076 »Quoniam
698 3005 807 3060 autem
830 3001 1003 3079 intelligere
1028 3005 1061 3061 et
1091 3005 1174 3061 scire
1194 3005 1367 3079 contingit«
1355 3000 1421 3059 ><
1436 2999 1489 3062 »Si
1512 3006 1621 3062 autem
1646 3001 1699 3060 de-

300 3089 487 3146 terminacio
511 3085 690 3146 indelebilis
714 3085 841 3163 addita
868 3085 1000 3161 (Cetera
1023 3087 1250 3148 desiderantur
1274 3088 1486 3166 sequentibus
1510 3089 1632 3167 aliquot
1647 3085 1690 3147 iol

301 3177 427 3233 vacuis.
458 3170 552 3250 Opus
583 3172 647 3232 hoc
678 3176 710 3234 in
741 3173 815 3234 cod.
840 3172 886 3234 lll.
911 3175 951 3234 Α.
975 3173 1056 3232 5-
1084 3181 1116 3235 et
1139 3173 1213 3234 alibi
1244 3172 1284 3235 ci
1310 3173 1497 3235 Schum-
1522 3174 1702 3236 attribuitur

300 3257 454 3321 Thomae
477 3258 702 3337 grammatico
725 3257 968 3338 Eriordiensi).

406 3345 427 3407 i.
452 3345 531 3406 309·
535 3345 656 3406 -321ι
679 3343 768 3424 Mag.
783 3345 1701 3410 inomaeEriordiensisTractatusdeconstructione

300 3431 452 3510 partium
486 3431 656 3494 orationis
691 3431 728 3494 in
757 3449 796 3494 se
820 3439 856 3494 et
888 3433 965 3495 suis
988 3433 1145 3511 partibus
1176 3450 1256 3496 cum
1279 3434 1373 3496 notis
1397 3433 1644 3512 marginalibus
1667 3438 1702 3496 et

302 3518 593 3580 interlinearibus.
621 3519 688 3579 »Ad
712 3521 983 3598 cognoscendum
1006 3525 1156 3582 naturam
1180 3526 1459 3582 construccionis‹
1487 3523 1518 3579 ><
1545 3520 1702 3598 »Explicit

303 3611 412 3666 textus
445 3603 574 3666 Thome
611 3605 829 3668 Eriordiensis
865 3606 975 3668 linitus
1010 3625 1067 3686 per
1098 3625 1150 3668 me
1174 3605 1351 3686 Gmuigroe
1375 3609 1432 3685 (z
1445 3606 1647 3686 Georgium)
1671 3612 1703 3668 et

303 3692 365 3753 hoc
400 3693 473 3752 sub.
497 3709 526 3753 a.
551 3693 582 3753 d.
610 3691 692 3754 1448
716 3700 810 3754 sexta
844 3693 900 3755 ier.
932 3699 1008 3772 post
1031 3694 1151 3755 festum
1174 3699 1418 3773 assumpcionis
1442 3711 1468 3756 S.
1493 3693 1612 3754 Maris«

411 3797 564 3870 Opcrculis
589 3799 718 3870 adligata
740 3806 768 3854 et
791 3800 974 3869 adglutinata
997 3807 1067 3856 sunt
1090 3801 1250 3871 fragmenta
1274 3803 1432 3858 membran.
1456 3802 1522 3856 cod.
1546 3801 1701 3856 cuiusdam

301 3885 458 3956 theologici
483 3901 561 3941 saec.
584 3883 663 3954 XIV,
686 3888 716 3940 in
740 3887 847 3957 quibus
870 3893 898 3942 et
921 3886 951 3942 in
966 3887 1014 3942 iol.
1040 3888 1131 3944 chart.
1148 3887 1250 3944 ultimo
1274 3904 1334 3944 non
1350 3904 1431 3948 num.
1446 3890 1558 3960 passim
1574 3889 1700 3943 occurrit

304 3989 330 4029 a.
359 3973 450 4030 1451.
474 3971 567 4027 Vetus
591 3973 666 4042 sign.
690 3973 754 4030 libr.
780 3971 877 4034 Carol.
902 3973 932 4040 S,
957 3975 986 4040 8,
1010 3973 1045 4032 K.

406 4140 485 4221 699
746 4143 814 4217 IV.
845 4143 887 4218 E.
916 4143 977 4216 19.
998 4158 1041 4218 (Y.
1061 4159 1081 4209 1.
1101 4160 1125 4210 2.
1143 4174 1168 4210 n.
1188 4161 1242 4220 or.)

303 4264 429 4431 charit.
443 4281 530 4412 {aaa
562 4263 630 4324 XV
658 4264 703 4343 (α.
735 4263 861 4335 14559)
882 4264 931 4344 ss.
968 4265 1033 4327 298
1054 4283 1158 4342 num,
1192 4266 1233 4328 21
1250 4266 1377 4342 ><15·5
1404 4283 1466 4326 cnr.
1498 4266 1516 4326 1
1547 4282 1593 4328 m.
1625 4282 1701 4327 curn

302 4369 349 4412 tm
417 4368 447 4412 rc

174 4541 176 4547 y
303 4471 506 4534 Aristotelis
537 4471 798 4550 Metaphysicae
831 4473 910 4534 libri
940 4471 1002 4534 XII
1032 4491 1111 4535 cum
1146 4474 1240 4536 n'otis
1265 4471 1514 4551 marginalibus
1537 4477 1573 4534 et
1595 4471 1704 4574 inter-

629 4559 819 4621 linearibus
841 4559 930 4637 Mag.
953 4560 1096 4622 Martini
1119 4561 1161 4622 de
1183 4555 1372 4639 Hoiepnilr.

411 4662 432 4722 f.
461 4665 521 4723 l—
525 4663 562 4724 12
586 4662 682 4724 Varia
706 4669 858 4742 excerpta
881 4665 923 4724 ad
946 4663 1206 4744 hietaphysicam
1231 4669 1410 4744 spectantia
1432 4667 1488 4738 (ex
1504 4663 1575 4726 Joh.
1606 4663 1700 4725 Duns

305 4747 415 4822 Scoto,
439 4747 572 4811 Nicolao
597 4749 701 4811 Bonet
689 4756 732 4824 to,
755 4749 930 4811 Francisco
954 4750 1145 4830 Mayronls).

413 4853 433 4914 i.
463 4853 516 4914 13l
546 4852 691 4915 »Omnes
724 4856 875 4916 homines
910 4861 1025 4917 natura
1049 4862 1131 4918 scire
1155 4858 1359 4918 desiderant«
1386 4859 1418 4916 ><
1441 4855 1462 4916 i.
1488 4855 1568 4916 298ι
1596 4871 1702 4915 »unus

304 4956 382 5018 ergo
406 4944 587 5020 princeps«
614 4942 679 5016 (Ad
704 4943 827 5002 calcem
839 4947 860 5016 ι)
887 4944 944 5002 »Α.
972 4941 1053 5005 1455
1078 4945 1138 5022 legi
1162 4953 1194 5004 et
1217 4945 1358 5004 breviter
1381 4945 1582 5021 comportavi
1607 4958 1705 5019 super

306 5027 367 5088 hac
391 5027 621 5107 metaphysica
643 5028 730 5105 Mag.
754 5027 925 5090 Martinus
948 5029 1177 5109 liorzepnik.«

980 5253 1030 5302 279
