<?xml version="1.0" encoding="UTF-8"?>
<!DOCTYPE html PUBLIC "-//W3C//DTD XHTML 1.0 Transitional//EN"
    "http://www.w3.org/TR/xhtml1/DTD/xhtml1-transitional.dtd">
<html xmlns="http://www.w3.org/1999/xhtml" xml:lang="en" lang="en">
 <head>
  <title>
</title>
<meta http-equiv="Content-Type" content="text/html;charset=utf-8" />
  <meta name='ocr-system' content='tesseract 3.04.00' />
  <meta name='ocr-capabilities' content='ocr_page ocr_carea ocr_par ocr_line ocrx_word'/>
</head>
<body>
  <div class='ocr_page' id='page_1' title='image "./cataloguscodicu00prazgoog_0027.png"; bbox 0 0 3974 6014; ppageno 0'>
   <div class='ocr_carea' id='block_1_1' title="bbox 1571 621 1632 674">
    <p class='ocr_par' dir='ltr' id='par_1_1' title="bbox 1571 621 1632 674">
     <span class='ocr_line' id='line_1_1' title="bbox 1571 621 1632 674; baseline 0.033 -2"><span class='ocrx_word' id='word_1_1' title='bbox 1571 621 1632 674; x_wconf 80' lang='lat' dir='ltr'>XIX</span> 
     </span>
    </p>
   </div>
   <div class='ocr_carea' id='block_1_2' title="bbox 229 831 1634 2049">
    <p class='ocr_par' dir='ltr' id='par_1_2' title="bbox 229 831 1634 2049">
     <span class='ocr_line' id='line_1_2' title="bbox 230 831 1631 910; baseline 0.004 -22"><span class='ocrx_word' id='word_1_2' title='bbox 230 845 327 907; x_wconf 91' lang='lat' dir='ltr'>opere</span> <span class='ocrx_word' id='word_1_3' title='bbox 350 846 425 891; x_wconf 93' lang='lat' dir='ltr'>cum</span> <span class='ocrx_word' id='word_1_4' title='bbox 450 831 490 892; x_wconf 92' lang='lat' dir='ltr'>de</span> <span class='ocrx_word' id='word_1_5' title='bbox 515 833 655 892; x_wconf 87' lang='lat' dir='ltr'>editione</span> <span class='ocrx_word' id='word_1_6' title='bbox 678 833 823 894; x_wconf 87' lang='lat' dir='ltr'>curanda</span> <span class='ocrx_word' id='word_1_7' title='bbox 846 831 1012 910; x_wconf 81' lang='lat' dir='ltr'><strong>agebatur,</strong></span> <span class='ocrx_word' id='word_1_8' title='bbox 1042 835 1265 908; x_wconf 89' lang='lat' dir='ltr'>gratissimum</span> <span class='ocrx_word' id='word_1_9' title='bbox 1290 831 1367 892; x_wconf 90' lang='lat' dir='ltr'>mihi</span> <span class='ocrx_word' id='word_1_10' title='bbox 1391 835 1509 902; x_wconf 89' lang='lat' dir='ltr'>evenit,</span> <span class='ocrx_word' id='word_1_11' title='bbox 1541 833 1631 910; x_wconf 93' lang='lat' dir='ltr'>quod</span> 
     </span>
     <span class='ocr_line' id='line_1_3' title="bbox 230 935 1634 1015; baseline 0.005 -24"><span class='ocrx_word' id='word_1_12' title='bbox 230 936 287 992; x_wconf 91' lang='lat' dir='ltr'>viri</span> <span class='ocrx_word' id='word_1_13' title='bbox 311 937 381 994; x_wconf 90' lang='lat' dir='ltr'>sine</span> <span class='ocrx_word' id='word_1_14' title='bbox 404 936 468 995; x_wconf 89' lang='lat' dir='ltr'>ulla</span> <span class='ocrx_word' id='word_1_15' title='bbox 491 935 688 996; x_wconf 88' lang='lat' dir='ltr'>dubitatione</span> <span class='ocrx_word' id='word_1_16' title='bbox 713 953 817 996; x_wconf 91' lang='lat' dir='ltr'>rerum</span> <span class='ocrx_word' id='word_1_17' title='bbox 843 936 1038 1015; x_wconf 83' lang='lat' dir='ltr'>peritissimi,</span> <span class='ocrx_word' id='word_1_18' title='bbox 1065 938 1284 996; x_wconf 87' lang='lat' dir='ltr'>universitatis</span> <span class='ocrx_word' id='word_1_19' title='bbox 1310 935 1483 1013; x_wconf 89' lang='lat' dir='ltr'>Pragensis</span> <span class='ocrx_word' id='word_1_20' title='bbox 1508 935 1634 1014; x_wconf 90' lang='lat' dir='ltr'>proies-</span> 
     </span>
     <span class='ocr_line' id='line_1_4' title="bbox 231 1035 1632 1116; baseline 0.005 -21"><span class='ocrx_word' id='word_1_21' title='bbox 231 1052 323 1096; x_wconf 91' lang='lat' dir='ltr'>sores</span> <span class='ocrx_word' id='word_1_22' title='bbox 346 1039 560 1112; x_wconf 87' lang='lat' dir='ltr'>illustrissimi,</span> <span class='ocrx_word' id='word_1_23' title='bbox 585 1037 709 1102; x_wconf 87' lang='lat' dir='ltr'>HENR.</span> <span class='ocrx_word' id='word_1_24' title='bbox 734 1038 896 1114; x_wconf 85' lang='lat' dir='ltr'>SINGER,</span> <span class='ocrx_word' id='word_1_25' title='bbox 920 1037 1024 1104; x_wconf 86' lang='lat' dir='ltr'><strong>CAM.</strong></span> <span class='ocrx_word' id='word_1_26' title='bbox 1047 1035 1231 1114; x_wconf 88' lang='lat' dir='ltr'>HENNER,</span> <span class='ocrx_word' id='word_1_27' title='bbox 1255 1036 1354 1101; x_wconf 87' lang='lat' dir='ltr'>SAM.</span> <span class='ocrx_word' id='word_1_28' title='bbox 1379 1036 1632 1116; x_wconf 88' lang='lat' dir='ltr'>STElNHERZ,</span> 
     </span>
     <span class='ocr_line' id='line_1_5' title="bbox 229 1137 1631 1222; baseline 0.006 -24"><span class='ocrx_word' id='word_1_29' title='bbox 229 1137 303 1199; x_wconf 87' lang='lat' dir='ltr'>JAR</span> <span class='ocrx_word' id='word_1_30' title='bbox 338 1138 459 1214; x_wconf 90' lang='lat' dir='ltr'>GOLL,</span> <span class='ocrx_word' id='word_1_31' title='bbox 484 1159 582 1220; x_wconf 93' lang='lat' dir='ltr'>quem</span> <span class='ocrx_word' id='word_1_32' title='bbox 605 1147 669 1204; x_wconf 92' lang='lat' dir='ltr'>iam</span> <span class='ocrx_word' id='word_1_33' title='bbox 693 1160 793 1222; x_wconf 90' lang='lat' dir='ltr'>supra</span> <span class='ocrx_word' id='word_1_34' title='bbox 815 1144 954 1214; x_wconf 90' lang='lat' dir='ltr'>laudavi,</span> <span class='ocrx_word' id='word_1_35' title='bbox 979 1143 1121 1204; x_wconf 89' lang='lat' dir='ltr'>laborem</span> <span class='ocrx_word' id='word_1_36' title='bbox 1145 1144 1282 1221; x_wconf 88' lang='lat' dir='ltr'>catalogi</span> <span class='ocrx_word' id='word_1_37' title='bbox 1307 1141 1405 1204; x_wconf 93' lang='lat' dir='ltr'>huius</span> <span class='ocrx_word' id='word_1_38' title='bbox 1421 1144 1631 1206; x_wconf 84' lang='lat' dir='ltr'>examinandi</span> 
     </span>
     <span class='ocr_line' id='line_1_6' title="bbox 230 1246 1629 1326; baseline 0.005 -24"><span class='ocrx_word' id='word_1_39' title='bbox 230 1259 288 1320; x_wconf 94' lang='lat' dir='ltr'>pro</span> <span class='ocrx_word' id='word_1_40' title='bbox 312 1261 373 1305; x_wconf 93' lang='lat' dir='ltr'>suo</span> <span class='ocrx_word' id='word_1_41' title='bbox 397 1250 535 1326; x_wconf 92' lang='lat' dir='ltr'>quisque</span> <span class='ocrx_word' id='word_1_42' title='bbox 558 1247 738 1308; x_wconf 88' lang='lat' dir='ltr'>studiorum</span> <span class='ocrx_word' id='word_1_43' title='bbox 762 1264 880 1326; x_wconf 86' lang='lat' dir='ltr'>genere</span> <span class='ocrx_word' id='word_1_44' title='bbox 904 1247 1042 1324; x_wconf 90' lang='lat' dir='ltr'>benigne</span> <span class='ocrx_word' id='word_1_45' title='bbox 1059 1246 1228 1306; x_wconf 90' lang='lat' dir='ltr'>subierunt</span> <span class='ocrx_word' id='word_1_46' title='bbox 1250 1253 1282 1307; x_wconf 89' lang='lat' dir='ltr'>et</span> <span class='ocrx_word' id='word_1_47' title='bbox 1304 1263 1390 1325; x_wconf 91' lang='lat' dir='ltr'>opus</span> <span class='ocrx_word' id='word_1_48' title='bbox 1413 1247 1629 1326; x_wconf 90' lang='lat' dir='ltr'>approbatum</span> 
     </span>
     <span class='ocr_line' id='line_1_7' title="bbox 231 1349 1629 1430; baseline 0.004 -23"><span class='ocrx_word' id='word_1_49' title='bbox 231 1351 318 1426; x_wconf 87' lang='lat' dir='ltr'>typis</span> <span class='ocrx_word' id='word_1_50' title='bbox 342 1350 569 1411; x_wconf 85' lang='lat' dir='ltr'>excudendum</span> <span class='ocrx_word' id='word_1_51' title='bbox 593 1352 873 1412; x_wconf 88' lang='lat' dir='ltr'>commendarunt.</span> <span class='ocrx_word' id='word_1_52' title='bbox 909 1349 1007 1430; x_wconf 80' lang='lat' dir='ltr'>Quod</span> <span class='ocrx_word' id='word_1_53' title='bbox 1030 1355 1139 1411; x_wconf 87' lang='lat' dir='ltr'>autem</span> <span class='ocrx_word' id='word_1_54' title='bbox 1163 1351 1332 1428; x_wconf 88' lang='lat' dir='ltr'>catalogus</span> <span class='ocrx_word' id='word_1_55' title='bbox 1363 1357 1549 1412; x_wconf 90' lang='lat' dir='ltr'>nostrorum</span> <span class='ocrx_word' id='word_1_56' title='bbox 1575 1368 1629 1412; x_wconf 90' lang='lat' dir='ltr'>co·</span> 
     </span>
     <span class='ocr_line' id='line_1_8' title="bbox 232 1450 1630 1533; baseline 0.004 -23"><span class='ocrx_word' id='word_1_57' title='bbox 232 1450 339 1512; x_wconf 92' lang='lat' dir='ltr'>dicum</span> <span class='ocrx_word' id='word_1_58' title='bbox 375 1454 544 1514; x_wconf 90' lang='lat' dir='ltr'>latinorum</span> <span class='ocrx_word' id='word_1_59' title='bbox 577 1459 609 1515; x_wconf 96' lang='lat' dir='ltr'>in</span> <span class='ocrx_word' id='word_1_60' title='bbox 632 1456 737 1515; x_wconf 92' lang='lat' dir='ltr'>lucem</span> <span class='ocrx_word' id='word_1_61' title='bbox 773 1455 887 1533; x_wconf 90' lang='lat' dir='ltr'>prodit,</span> <span class='ocrx_word' id='word_1_62' title='bbox 923 1457 1062 1532; x_wconf 89' lang='lat' dir='ltr'>primum</span> <span class='ocrx_word' id='word_1_63' title='bbox 1096 1453 1334 1514; x_wconf 85' lang='lat' dir='ltr'>munificentiae</span> <span class='ocrx_word' id='word_1_64' title='bbox 1362 1470 1389 1514; x_wconf 95' lang='lat' dir='ltr'>c.</span> <span class='ocrx_word' id='word_1_65' title='bbox 1414 1472 1436 1514; x_wconf 95' lang='lat' dir='ltr'>r.</span> <span class='ocrx_word' id='word_1_66' title='bbox 1462 1459 1630 1516; x_wconf 88' lang='lat' dir='ltr'>ministerii</span> 
     </span>
     <span class='ocr_line' id='line_1_9' title="bbox 230 1555 1629 1636; baseline 0.004 -22"><span class='ocrx_word' id='word_1_67' title='bbox 230 1555 418 1618; x_wconf 89' lang='lat' dir='ltr'>emditionis</span> <span class='ocrx_word' id='word_1_68' title='bbox 442 1559 598 1636; x_wconf 90' lang='lat' dir='ltr'>publicae,</span> <span class='ocrx_word' id='word_1_69' title='bbox 622 1558 740 1620; x_wconf 88' lang='lat' dir='ltr'>deinde</span> <span class='ocrx_word' id='word_1_70' title='bbox 771 1558 879 1619; x_wconf 87' lang='lat' dir='ltr'>studio</span> <span class='ocrx_word' id='word_1_71' title='bbox 903 1564 935 1620; x_wconf 91' lang='lat' dir='ltr'>et</span> <span class='ocrx_word' id='word_1_72' title='bbox 957 1559 1132 1620; x_wconf 84' lang='lat' dir='ltr'>liberalitati</span> <span class='ocrx_word' id='word_1_73' title='bbox 1157 1556 1274 1635; x_wconf 85' lang='lat' dir='ltr'>Regiae</span> <span class='ocrx_word' id='word_1_74' title='bbox 1298 1555 1470 1619; x_wconf 86' lang='lat' dir='ltr'>Societatis</span> <span class='ocrx_word' id='word_1_75' title='bbox 1494 1555 1629 1620; x_wconf 89' lang='lat' dir='ltr'>Sclenti-</span> 
     </span>
     <span class='ocr_line' id='line_1_10' title="bbox 229 1659 1630 1740; baseline 0.003 -21"><span class='ocrx_word' id='word_1_76' title='bbox 229 1675 322 1720; x_wconf 91' lang='lat' dir='ltr'>arum</span> <span class='ocrx_word' id='word_1_77' title='bbox 338 1659 533 1723; x_wconf 89' lang='lat' dir='ltr'>Bohemicac</span> <span class='ocrx_word' id='word_1_78' title='bbox 556 1669 727 1740; x_wconf 87' lang='lat' dir='ltr'>acceptum</span> <span class='ocrx_word' id='word_1_79' title='bbox 744 1662 922 1725; x_wconf 77' lang='lat' dir='ltr'>referimus</span> <span class='ocrx_word' id='word_1_80' title='bbox 946 1661 1056 1740; x_wconf 86' lang='lat' dir='ltr'>Magni</span> <span class='ocrx_word' id='word_1_81' title='bbox 1073 1666 1168 1722; x_wconf 87' lang='lat' dir='ltr'>etiam</span> <span class='ocrx_word' id='word_1_82' title='bbox 1185 1661 1426 1722; x_wconf 89' lang='lat' dir='ltr'>aestimandum</span> <span class='ocrx_word' id='word_1_83' title='bbox 1443 1667 1522 1740; x_wconf 93' lang='lat' dir='ltr'>puto</span> <span class='ocrx_word' id='word_1_84' title='bbox 1538 1663 1630 1723; x_wconf 86' lang='lat' dir='ltr'>adiu·</span> 
     </span>
     <span class='ocr_line' id='line_1_11' title="bbox 230 1763 1628 1844; baseline 0.004 -22"><span class='ocrx_word' id='word_1_85' title='bbox 230 1769 376 1824; x_wconf 90' lang='lat' dir='ltr'>mentum</span> <span class='ocrx_word' id='word_1_86' title='bbox 411 1769 633 1843; x_wconf 82' lang='lat' dir='ltr'>promtissime</span> <span class='ocrx_word' id='word_1_87' title='bbox 666 1770 776 1827; x_wconf 89' lang='lat' dir='ltr'>animo</span> <span class='ocrx_word' id='word_1_88' title='bbox 806 1767 883 1826; x_wconf 88' lang='lat' dir='ltr'>mihi</span> <span class='ocrx_word' id='word_1_89' title='bbox 917 1771 1106 1844; x_wconf 86' lang='lat' dir='ltr'>praestitum</span> <span class='ocrx_word' id='word_1_90' title='bbox 1137 1766 1236 1826; x_wconf 90' lang='lat' dir='ltr'>adre</span> <span class='ocrx_word' id='word_1_91' title='bbox 1259 1763 1297 1824; x_wconf 89' lang='lat' dir='ltr'>V.</span> <span class='ocrx_word' id='word_1_92' title='bbox 1322 1763 1437 1844; x_wconf 84' lang='lat' dir='ltr'>Kybal,</span> <span class='ocrx_word' id='word_1_93' title='bbox 1473 1768 1528 1843; x_wconf 94' lang='lat' dir='ltr'>qui</span> <span class='ocrx_word' id='word_1_94' title='bbox 1561 1783 1628 1829; x_wconf 90' lang='lat' dir='ltr'>non</span> 
     </span>
     <span class='ocr_line' id='line_1_12' title="bbox 232 1868 1624 1948; baseline 0.003 -22"><span class='ocrx_word' id='word_1_95' title='bbox 232 1869 339 1928; x_wconf 91' lang='lat' dir='ltr'>solum</span> <span class='ocrx_word' id='word_1_96' title='bbox 363 1871 394 1928; x_wconf 91' lang='lat' dir='ltr'>in</span> <span class='ocrx_word' id='word_1_97' title='bbox 418 1869 497 1928; x_wconf 91' lang='lat' dir='ltr'>libro</span> <span class='ocrx_word' id='word_1_98' title='bbox 520 1868 711 1948; x_wconf 83' lang='lat' dir='ltr'>corrigendo</span> <span class='ocrx_word' id='word_1_99' title='bbox 741 1870 878 1930; x_wconf 92' lang='lat' dir='ltr'>multum</span> <span class='ocrx_word' id='word_1_100' title='bbox 901 1869 1021 1930; x_wconf 89' lang='lat' dir='ltr'>laboris</span> <span class='ocrx_word' id='word_1_101' title='bbox 1044 1885 1174 1932; x_wconf 90' lang='lat' dir='ltr'>mecum</span> <span class='ocrx_word' id='word_1_102' title='bbox 1197 1872 1412 1946; x_wconf 86' lang='lat' dir='ltr'>consumpsit,</span> <span class='ocrx_word' id='word_1_103' title='bbox 1444 1868 1504 1930; x_wconf 90' lang='lat' dir='ltr'>sed</span> <span class='ocrx_word' id='word_1_104' title='bbox 1527 1873 1624 1930; x_wconf 89' lang='lat' dir='ltr'>etiarn</span> 
     </span>
     <span class='ocr_line' id='line_1_13' title="bbox 231 1970 1022 2049; baseline 0.005 -20"><span class='ocrx_word' id='word_1_105' title='bbox 231 1970 318 2030; x_wconf 91' lang='lat' dir='ltr'>hunc</span> <span class='ocrx_word' id='word_1_106' title='bbox 342 1975 526 2049; x_wconf 87' lang='lat' dir='ltr'>catalogum</span> <span class='ocrx_word' id='word_1_107' title='bbox 548 1973 710 2034; x_wconf 88' lang='lat' dir='ltr'>uberrimo</span> <span class='ocrx_word' id='word_1_108' title='bbox 734 1973 839 2034; x_wconf 91' lang='lat' dir='ltr'>indice</span> <span class='ocrx_word' id='word_1_109' title='bbox 863 1977 1022 2034; x_wconf 88' lang='lat' dir='ltr'>instruxit.</span> 
     </span>
    </p>
   </div>
   <div class='ocr_carea' id='block_1_3' title="bbox 229 2090 1633 2380">
    <p class='ocr_par' dir='ltr' id='par_1_3' title="bbox 229 2090 1633 2380">
     <span class='ocr_line' id='line_1_14' title="bbox 317 2090 1629 2174; baseline 0.003 -22"><span class='ocrx_word' id='word_1_110' title='bbox 317 2090 465 2172; x_wconf 91' lang='lat' dir='ltr'>Denique</span> <span class='ocrx_word' id='word_1_111' title='bbox 489 2094 564 2156; x_wconf 85' lang='lat' dir='ltr'>nihil</span> <span class='ocrx_word' id='word_1_112' title='bbox 587 2096 727 2173; x_wconf 89' lang='lat' dir='ltr'>amplius</span> <span class='ocrx_word' id='word_1_113' title='bbox 751 2101 881 2174; x_wconf 87' lang='lat' dir='ltr'>exopl0,</span> <span class='ocrx_word' id='word_1_114' title='bbox 906 2110 1003 2173; x_wconf 88' lang='lat' dir='ltr'>quam</span> <span class='ocrx_word' id='word_1_115' title='bbox 1029 2100 1064 2156; x_wconf 93' lang='lat' dir='ltr'>ut</span> <span class='ocrx_word' id='word_1_116' title='bbox 1087 2095 1249 2157; x_wconf 88' lang='lat' dir='ltr'>thesauris</span> <span class='ocrx_word' id='word_1_117' title='bbox 1272 2096 1430 2156; x_wconf 89' lang='lat' dir='ltr'>litterariis</span> <span class='ocrx_word' id='word_1_118' title='bbox 1453 2095 1515 2156; x_wconf 90' lang='lat' dir='ltr'>hac</span> <span class='ocrx_word' id='word_1_119' title='bbox 1539 2097 1629 2156; x_wconf 90' lang='lat' dir='ltr'>clave</span> 
     </span>
     <span class='ocr_line' id='line_1_15' title="bbox 229 2198 1633 2280; baseline 0.003 -25"><span class='ocrx_word' id='word_1_120' title='bbox 229 2201 396 2257; x_wconf 89' lang='lat' dir='ltr'>communi</span> <span class='ocrx_word' id='word_1_121' title='bbox 420 2202 494 2258; x_wconf 90' lang='lat' dir='ltr'>usui</span> <span class='ocrx_word' id='word_1_122' title='bbox 518 2198 687 2276; x_wconf 85' lang='lat' dir='ltr'>patefactis</span> <span class='ocrx_word' id='word_1_123' title='bbox 710 2202 908 2278; x_wconf 89' lang='lat' dir='ltr'>antiquitatis</span> <span class='ocrx_word' id='word_1_124' title='bbox 939 2198 1047 2260; x_wconf 90' lang='lat' dir='ltr'>studia</span> <span class='ocrx_word' id='word_1_125' title='bbox 1069 2199 1157 2278; x_wconf 91' lang='lat' dir='ltr'>apud</span> <span class='ocrx_word' id='word_1_126' title='bbox 1180 2214 1243 2261; x_wconf 92' lang='lat' dir='ltr'>nos</span> <span class='ocrx_word' id='word_1_127' title='bbox 1266 2215 1364 2280; x_wconf 91' lang='lat' dir='ltr'>quam</span> <span class='ocrx_word' id='word_1_128' title='bbox 1398 2202 1535 2260; x_wconf 84' lang='lat' dir='ltr'>maxime</span> <span class='ocrx_word' id='word_1_129' title='bbox 1559 2215 1633 2277; x_wconf 93' lang='lat' dir='ltr'>pro·</span> 
     </span>
     <span class='ocr_line' id='line_1_16' title="bbox 231 2307 687 2380; baseline 0.013 -22"><span class='ocrx_word' id='word_1_130' title='bbox 231 2307 423 2362; x_wconf 86' lang='lat' dir='ltr'>moveantur</span> <span class='ocrx_word' id='word_1_131' title='bbox 445 2307 477 2362; x_wconf 91' lang='lat' dir='ltr'>et</span> <span class='ocrx_word' id='word_1_132' title='bbox 499 2309 687 2380; x_wconf 84' lang='lat' dir='ltr'>augeantur.</span> 
     </span>
    </p>
   </div>
   <div class='ocr_carea' id='block_1_4' title="bbox 340 2595 883 2698">
    <p class='ocr_par' dir='ltr' id='par_1_4' title="bbox 340 2595 883 2698">
     <span class='ocr_line' id='line_1_17' title="bbox 340 2595 883 2698; baseline 0.007 -43"><span class='ocrx_word' id='word_1_133' title='bbox 340 2595 459 2676; x_wconf 88' lang='lat' dir='ltr'>Pragae</span> <span class='ocrx_word' id='word_1_134' title='bbox 484 2597 545 2659; x_wconf 86' lang='lat' dir='ltr'>kal.</span> <span class='ocrx_word' id='word_1_135' title='bbox 569 2596 639 2658; x_wconf 88' lang='lat' dir='ltr'>lan.</span> <span class='ocrx_word' id='word_1_136' title='bbox 667 2596 758 2662; x_wconf 79' lang='lat'>1905.</span> <span class='ocrx_word' id='word_1_137' title='bbox 878 2691 883 2698; x_wconf 17' lang='grc' dir='ltr'>υ</span> 
     </span>
    </p>
   </div>
   <div class='ocr_carea' id='block_1_5' title="bbox 0 0 1992 6005">
    <p class='ocr_par' dir='ltr' id='par_1_5' title="bbox 0 0 1992 6005">
     <span class='ocr_line' id='line_1_18' title="bbox 0 0 1992 6005; baseline 0 0"><span class='ocrx_word' id='word_1_138' title='bbox 0 0 1992 6005; x_wconf 95' lang='lat' dir='ltr'> </span> 
     </span>
    </p>
   </div>
  </div>
 </body>
</html>
