4048 6012
939 507 1003 568 224

371 723 391 784 1.
417 720 588 782 237-416
611 719 799 782 Sermones
823 715 954 777 diversi
977 714 1163 776 maximam
1186 717 1320 790 partem
1343 713 1386 773 de
1408 711 1439 771 b.
1464 709 1573 772 Maria
1595 711 1666 772 vir-

268 811 357 888 gine,
381 825 520 888 quorum
543 823 631 868 unus
654 810 686 866 in
710 804 730 864 1.
763 803 843 864 372·
875 804 962 864 hunc
997 801 1095 862 habet
1128 799 1244 860 finem:
1295 798 1450 876 »Explicit
1480 813 1589 858 sermo
1625 799 1665 858 de

268 899 486 974 concepcione
509 895 587 973 glor.
611 897 690 970 virg.
714 909 771 970 per
794 909 845 951 me
869 888 1018 952 Crucem
1040 889 1082 949 de
1104 885 1203 948 Telcz
1226 885 1263 946 in
1285 885 1396 947 Plana
1418 881 1579 944 ε.1472.«
1606 883 1666 945 His

269 983 475 1044 sermonibus
497 985 619 1042 inserta
642 985 711 1040 est:

370 1086 390 1146 1.
414 1084 477 1146 377
501 1084 601 1146 Bulla
624 1085 666 1144 de
689 1080 917 1159 conceptione
940 1080 972 1140 b.
988 1078 1136 1156 virginis
1153 1076 1280 1155 synodi
1296 1075 1506 1138 Basiliensis
1522 1091 1551 1136 a.
1571 1073 1664 1136 1439.

264 1185 354 1246 (cum
378 1179 458 1234 note
479 1171 594 1234 Crucis
618 1170 648 1231 d.
672 1168 729 1230 T.:
769 1167 836 1228 »De
870 1167 1013 1245 originali
1039 1166 1124 1226 bulla
1147 1181 1283 1244 presens
1307 1168 1401 1242 copia
1424 1169 1475 1222 est
1498 1167 1661 1241 scripta«).

370 1279 471 1335 Codex
496 1294 533 1333 ex
556 1278 626 1336 bibl.
651 1275 869 1346 Rosenbergica
906 1275 934 1329 in
959 1280 1086 1328 monast.
1110 1269 1297 1327 'liebonense
1320 1277 1347 1325 et
1370 1269 1437 1325 inde
1461 1271 1498 1325 ad
1522 1286 1576 1325 nos
1600 1285 1663 1341 per-

267 1368 353 1424 venir.

369 1532 448 1613 223
884 1529 912 1604 I.
941 1529 983 1603 E.
1011 1527 1072 1603 38.

262 1676 371 1736 ulturi.
396 1691 428 1735 a.
453 1673 547 1744 1459,
562 1670 610 1750 ss.
623 1672 697 1746 370,
720 1671 764 1732 22
777 1673 808 1727 ><
821 1671 865 1731 15
885 1688 947 1731 cm.
971 1686 1079 1728 mann
1107 1665 1262 1730 Udalrici
1286 1663 1405 1730 Crucis
1420 1668 1460 1728 de
1477 1665 1566 1728 Terea
1582 1685 1661 1729 exa-

265 1765 373 1822 ratus.

365 1880 539 1942 Johannis
559 1879 718 1941 Versoris
743 1882 885 1955 magistri
909 1877 1101 1938 Parisiensis
1124 1875 1307 1954 Expositio
1329 1876 1534 1939 Aristotelis
1556 1877 1660 1939 libro·

263 1986 341 2028 rum
362 1966 606 2045 philosophiae
629 1964 798 2026 naturalis
821 1964 1059 2043 (Physicomm
1084 1963 1132 2024 De
1156 1964 1248 2024 coelo
1272 1971 1303 2023 et
1326 1965 1459 2036 mundo,
1492 1963 1540 2024 De
1562 1981 1660 2042 gene-

265 2060 385 2116 ratione
409 2061 440 2114 et
463 2058 677 2132 corruptione,
712 2051 856 2126 Meteon,
889 2049 936 2110 De
970 2055 1080 2112 anima
1103 2058 1134 2111 et
1156 2050 1312 2111 nonnuli.
1346 2067 1535 2128 parvorum
1558 2058 1659 2114 natu·

263 2142 412 2215 talium).

370 2245 389 2305 1.
414 2245 495 2305 3651
521 2243 580 2304 »Et
602 2247 633 2304 in
658 2245 721 2303 hoc
745 2245 935 2303 terminatur·
956 2246 1124 2320 exposicio
1159 2242 1291 2319 phi(sic)
1326 2243 1480 2303 naturalis
1516 2245 1657 2322 philoso-

264 2335 334 2410 phie
358 2332 444 2392 edita
467 2333 696 2409 questionatim
720 2347 778 2408 per
799 2327 842 2389 M.
867 2327 1050 2389 lohannem
1074 2327 1195 2388 dictum
1219 2328 1341 2389 Versor
1364 2333 1395 2389 in
1430 2331 1539 2391 studio
1573 2333 1657 2392 alme

262 2422 478 2479 universitatis
502 2418 702 2491 ParisiensiS,
737 2417 896 2493 allataque
921 2433 978 2494 per
999 2414 1084 2493 Mag.
1110 2413 1343 2476 Wenceslaum
1368 2417 1408 2476 de
1432 2415 1566 2492 Wrben,
1601 2420 1657 2479 ad-

263 2509 324 2566 huc
348 2523 387 2566 eo
411 2511 548 2583 protunc
572 2505 785 2564 baccalaureo
810 2506 979 2576 existente,
1003 2501 1094 2562 finita
1117 2519 1173 2579 per
1196 2501 1344 2564 Crucem
1381 2504 1422 2565 de
1456 2501 1555 2565 Telcz
1589 2511 1656 2566 stu-

259 2593 389 2653 dentem
414 2597 446 2652 in
470 2593 604 2668 collegio
628 2594 713 2667 regis
747 2588 933 2649 Wenceslai
969 2588 1023 2649 ier.
1060 2587 1110 2648 llll
1134 2592 1166 2648 in
1189 2591 1326 2648 vinculis
1351 2605 1376 2648 s.
1402 2589 1483 2651 Petri
1507 2609 1535 2651 a.
1563 2591 1655 2657 1459.

361 2695 382 2758 1.
406 2690 612 2754 3651-3701
637 2691 828 2770 Registrum.
858 2691 963 2753 »Finis
989 2693 1149 2754 titulorum
1185 2699 1216 2752 et
1250 2698 1459 2770 questionum
1482 2694 1553 2756 Joh.
1578 2694 1655 2757 Ver-

258 2787 341 2842 son's
365 2799 465 2860 super
488 2783 585 2841 libros
610 2781 792 2840 Aristotelis
816 2781 970 2840 naturalis
987 2779 1191 2857 philosophie
1215 2785 1247 2839 et
1269 2797 1444 2858 parvorum
1460 2783 1654 2844 naturalium

258 2887 313 2946 per
335 2885 388 2929 me
412 2869 542 2929 fratrem
566 2867 704 2929 Crucem
730 2867 769 2926 de
794 2865 893 2926 Telcz
916 2871 946 2927 in
972 2869 1171 2926 monasterio
1194 2864 1419 2928 Trzebonensi
1451 2869 1513 2929 sub
1536 2869 1654 2930 abbate

258 2953 377 3026 Marco,
417 2959 520 3032 priore
544 2953 692 3014 iohanne
717 2954 757 3013 de
780 2951 918 3013 Tisnotv
941 2971 969 3014 a.
995 2954 1026 3013 d.
1055 2951 1136 3013 1495
1159 2956 1190 3011 in
1215 2953 1265 3012 die
1301 2953 1530 3016 Panthaleonis
1553 2961 1585 3016 in
1608 2961 1653 3018 vi·

255 3044 329 3119 gilla
353 3041 508 3102 Martha«

358 3148 403 3204 Ex
426 3149 693 3218 subscriptionibus
717 3147 901 3217 singulorum
924 3149 1120 3217 expositionis
1143 3147 1281 3202 librorum
1313 3155 1392 3218 patet
1414 3150 1540 3205 scribam
1558 3139 1652 3207 totum

255 3239 385 3290 codicem
409 3237 531 3291 dimidio
555 3250 633 3290 anno
662 3235 742 3290 1459
766 3249 914 3290 exarasse.
938 3233 984 3289 Ad
1009 3249 1123 3288 asseres
1147 3233 1275 3303 adligata
1297 3241 1367 3289 sunt
1386 3235 1548 3306 fragmenta
1564 3253 1652 3294 mem-

255 3324 335 3378 bran.
360 3325 514 3377 cuiusdam
538 3321 650 3376 codicis
673 3321 799 3375 hebraici
824 3335 902 3377 saec.
926 3317 1114 3376 XIII—XIV.
1139 3319 1213 3374 Cum
1237 3322 1370 3391 superior
1392 3338 1459 3392 pars
1481 3323 1542 3378 lolii
1567 3327 1651 3397 primi

255 3410 390 3464 consulto
414 3411 452 3464 sit
476 3411 619 3476 abscissa,
644 3423 851 3479 possessomm
875 3413 944 3462 nota
968 3409 1089 3462 omnino
1112 3409 1203 3476 deest,
1234 3410 1285 3462 sed
1310 3409 1436 3464 dubitari
1461 3426 1521 3466 non
1544 3421 1652 3483 potest,

254 3499 325 3564 quin
351 3500 446 3551 codex
470 3496 640 3550 monasterii
663 3493 859 3549 Tiebonensis
883 3493 975 3548 suerit.

358 3697 442 3777 224
867 3697 896 3771 I.
924 3697 966 3771 E.
993 3698 1054 3770 39.

252 3839 359 3899 chari.
383 3854 471 3898 saec.
495 3835 562 3896 XV
578 3837 619 3918 ff.
642 3837 707 3898 327
730 3855 834 3912 nuru„
857 3837 1000 3900 22><15
1021 3855 1084 3899 cm.
1108 3839 1139 3900 d.
1164 3857 1208 3899 rn.

356 3958 375 4020 1.
404 3955 540 4019 1⁸-40b
574 3959 766 4020 Alexandri
812 3959 880 4020 irat.
917 3960 984 4020 ord.
1032 3977 1128 4022 erem.
1169 3978 1195 4022 s.
1234 3962 1328 4038 Aug„
1368 3970 1483 4041 postea
1513 3967 1649 4029 abbatis

254 4045 515 4107 Cantuariensis
538 4044 757 4108 Tractatulus
780 4047 822 4108 de
846 4051 1021 4123 potestate
1044 4047 1291 4110 ecclesiastiea.
1330 4048 1420 4110 »Hoc
1443 4057 1494 4112 est
1517 4069 1648 4128 nomen,

252 4133 339 4211 quod
363 4133 529 4192 vocabunt
552 4149 646 4192 eum«
673 4134 706 4190 ><
733 4132 838 4194 »Finis
880 4139 967 4194 tercii
1003 4140 1157 4194 tractatus
1182 4135 1222 4194 de
1246 4137 1322 4196 eccl.
1348 4143 1412 4214 pot.
1438 4139 1545 4200 editus
1568 4158 1589 4201 a
1611 4141 1647 4202 ir.

253 4220 289 4280 A.
314 4235 406 4279 sacre
430 4223 545 4296 pagine
570 4218 756 4296 professore
779 4220 863 4282 fratr.
889 4222 1008 4282 herem.
1038 4238 1063 4282 s.
1089 4222 1291 4300 Augustini.‹

354 4340 373 4400 1.
398 4337 561 4399 ill-b?b
598 4339 781 4402 Tractatus
804 4347 928 4403 contra
962 4343 1160 4405 haereticos
1202 4349 1236 4405 et
1277 4343 1524 4410 schismaticos
1555 4347 1648 4427 (pau-

253 4444 344 4504 peres
387 4427 428 4486 de
475 4426 659 4504 Lugduno).
718 4427 834 4488 »Fides
879 4429 1039 4489 catholica
1083 4429 1331 4492 fundamentum
1378 4437 1446 4493 est«
1487 4437 1519 4492 ><
1565 4435 1647 4498 ›Ex-

253 4515 334 4590 plicit
358 4519 513 4574 tractatus
537 4520 650 4574 contra
672 4515 833 4576 hereticos
856 4523 888 4576 et
911 4520 1116 4576 scismaticos
1140 4523 1172 4576 et
1194 4517 1304 4580 finitus
1340 4537 1367 4581 a.
1405 4519 1433 4581 d.
1470 4510 1647 4597 (scissura)

252 4598 315 4661 l'lll
340 4601 391 4660 die
415 4605 539 4660 mensis
566 4598 787 4662 Novembris«

351 4702 371 4763 1.
396 4698 558 4763 581-621
581 4707 757 4778 (anepigr.:)
780 4705 961 4767 Tractatus
986 4709 1027 4767 de
1061 4725 1230 4786 processu
1264 4711 1391 4773 iudicii.
1442 4714 1646 4791 »Antequam

252 4789 289 4847 de
311 4805 470 4867 processu
495 4790 600 4850 iudicii
625 4791 765 4852 dicatur«
793 4796 824 4848 ><
852 4798 902 4852 »et
924 4797 1062 4870 corrigat
1085 4802 1284 4857 sentenciam
1302 4801 1351 4857 ve}
1375 4797 1523 4860 infirmet.
1549 4799 1589 4860 Et
1605 4802 1646 4860 de

251 4876 486 5034 Eggbzmtgirlius
511 4877 595 4936 dicta
619 4877 812 4941 sufficiant«
852 4877 972 4951 (Tract.
1009 4882 1059 4941 hic
1094 4884 1167 4942 alibi
1201 4883 1339 4944 iohanni
1376 4885 1526 4946 Andreae
1562 4885 1646 4946 falso

929 5189 962 5239 87
