4060 6014
935 573 993 636 761

372 781 393 842 f.
418 780 625 843 221·--238ι
646 779 811 843 Eiusdem
833 780 1014 845 Tractatus
1045 783 1087 844 de
1108 781 1271 844 laudibus
1299 781 1439 846 divinae
1462 781 1666 862 sapientiae.

263 870 351 942 (Post
375 867 562 947 registrumz)
590 867 772 930 »Eructavit
795 885 1003 930 cormeum«
1030 871 1063 928 ><
1090 869 1199 948 »Expl
1228 874 1316 931 tract.
1342 870 1383 931 de
1406 872 1425 932 l.
1449 871 1480 932 d.
1505 887 1531 931 s.
1558 870 1665 932 editus

264 971 285 1015 a
307 953 394 1016 fratr.
417 953 534 1033 Egidio
558 955 598 1015 de
622 953 727 1016 Roma
749 955 818 1016 ord.
842 954 927 1016 fratr.
952 955 1072 1018 herem.
1098 971 1124 1016 s.
1149 957 1353 1034 Augustini«

374 1043 527 1116 Operculis
551 1045 680 1116 adligata
703 1051 773 1101 sunt
795 1045 956 1116 fragmenta
979 1048 1139 1102 membran.
1163 1047 1275 1102 codicis
1297 1046 1396 1118 liturg.
1419 1061 1498 1104 saec.
1522 1044 1600 1101 XIV.

370 1211 449 1294 759
710 1212 780 1288 IV.
813 1211 856 1289 G.
884 1213 946 1292 27.
974 1229 1058 1296 (ur.
1079 1232 1102 1282 r.
1122 1246 1148 1282 n.
1165 1231 1220 1294 aa.)

264 1353 374 1416 chart.
401 1371 434 1415 a.
458 1351 669 1417 1446-1461
688 1352 729 1436 ff.
752 1353 817 1417 146
839 1371 942 1428 num,
965 1355 1044 1416 21·5
1053 1355 1141 1418 ><16
1163 1373 1226 1418 cm.
1249 1355 1271 1417 2
1293 1373 1338 1418 m.

263 1473 438 1539 Jonannis
460 1473 583 1538 Wiclii
601 1473 755 1554 Operum
777 1474 819 1537 de
843 1474 937 1538 civili
967 1474 1123 1537 dominio
1148 1479 1182 1536 et
1204 1474 1359 1554 decalogi
1394 1477 1541 1556 registra
1564 1477 1600 1557 (a
1621 1476 1666 1540 M.

641 1561 744 1624 Petro
765 1560 884 1640 Payne
906 1562 1053 1640 Anglico
1076 1561 1293 1642 composita).

375 1667 396 1728 f.
423 1660 558 1728 ll--35b
575 1664 755 1745 Registrum
772 1668 917 1728 locorum
933 1668 975 1729 ab
992 1671 1124 1728 auctore
1137 1671 1308 1728 citatorum
1321 1668 1505 1730 secundum
1518 1667 1665 1730 ordinem

266 1755 418 1816 librorum
437 1769 550 1814 sacrae
567 1757 753 1832 scripturae.
778 1754 812 1816 ln
829 1753 894 1815 line
918 1755 1020 1816 rubr:
1048 1754 1104 1815 »A.
1130 1754 1161 1816 d.
1188 1751 1279 1815 1461.
1304 1751 1433 1816 Nomen
1457 1759 1622 1834 scriptoris
1638 1759 1667 1816 si

267 1847 302 1908 tu
333 1857 535 1920 cognoscere
564 1840 655 1900 vellis
686 1839 773 1916 (sic),
802 1839 840 1902 Jo
872 1841 927 1902 tibi
950 1845 1053 1920 prima
1087 1844 1138 1914 sit,
1170 1841 1234 1901 han
1268 1857 1412 1920 sequens
1442 1838 1582 1922 nes·qu'e
1613 1857 1667 1903 su·

267 1945 398 2007 prema«
425 1925 620 2003 (iohannes
643 1925 807 2004 quidam).

375 2013 396 2075 f.
420 2008 604 2076 362—124b
627 2011 810 2092 Registrum
833 2013 1073 2092 alphabeticum
1097 2016 1205 2092 operis
1232 2014 1291 2074 »de
1316 2015 1399 2075 civili
1423 2015 1600 2077 dominio«.
1633 2014 1667 2077 ln

267 2100 350 2163 fine:
378 2102 435 2162 »A.
460 2101 491 2162 d.
517 2098 600 2160 1446
622 2099 678 2161 fer.
702 2101 740 2163 ΙΙΙ
763 2106 839 2180 post
861 2100 1060 2161 conductum
1085 2116 1213 2179 pasce«

377 2188 398 2249 f.
425 2182 625 2249 1258-146ᾗ
650 2185 833 2266 Registrum
856 2187 1095 2266 alphabeticum
1122 2184 1326 2264 »Decalogi‹.

378 2294 480 2351 Codex
503 2294 662 2366 fragmento
686 2294 837 2365 originalis
861 2293 957 2349 bullae
981 2292 1104 2365 Eugenii
1126 2292 1167 2348 IV
1190 2296 1227 2350 ad
1250 2295 1397 2365 quendam
1424 2293 1589 2350 Johannem
1618 2308 1669 2349 co·

266 2389 389 2456 opertus
411 2388 465 2440 est.

374 2550 454 2632 76⁰
716 2547 786 2626 JV.
817 2548 862 2624 G.
889 2548 950 2624 28.
982 2564 1026 2628 (Υ.
1046 2564 1066 2616 1.
1088 2565 1215 2626 naar.)

265 2691 378 2753 chari.
400 2708 488 2754 saec.
511 2689 581 2753 XV
598 2690 636 2774 ff.
658 2691 734 2766 332,
755 2689 834 2752 215
843 2689 965 2752 ><15·5
984 2706 1047 2750 cm.
1070 2689 1093 2751 2
1114 2707 1159 2750 m.

267 2813 302 2876 S.
325 2812 498 2876 Johannis
510 2812 744 2893 Apocalypsis
759 2828 839 2874 cum
855 2809 1031 2889 (Guilelmi
1048 2812 1090 2873 de
1104 2810 1277 2891 Militona)
1292 2810 1544 2873 commentario
1560 2813 1668 2886 (cuius

780 2915 858 2960 vero
881 2902 1004 2960 initium
1031 2900 1147 2974 deest).

379 3003 400 3065 f.
428 3004 459 3065 ll
487 3003 679 3064 »Promissis
702 3005 813 3063 causis
838 3001 1067 3080 principalibus
1090 3001 1188 3063 huius
1205 3001 1369 3063 doctrine«
1384 3002 1418 3059 ><
1433 3000 1454 3063 l.
1469 2995 1551 3062 312b
1570 3017 1667 3062 »con-

269 3090 469 3152 firmacionis
493 3096 525 3151 et
547 3093 729 3169 optaclonis
760 3088 914 3150 dicentis:
947 3086 1064 3148 Gracia
1094 3088 1123 3150 d.
1147 3087 1174 3150 J.
1199 3086 1273 3152 Chr.
1298 3105 1374 3150 cum
1398 3089 1551 3150 omnibus
1574 3087 1669 3148 vobis

271 3179 386 3238 Amen.
433 3176 475 3237 Et
504 3193 567 3238 nos
599 3180 694 3255 igitur
724 3175 787 3237 deo
816 3179 944 3254 gracias
975 3173 1165 3249 reseramus,
1196 3174 1285 3255 quod
1308 3191 1372 3236 nos
1396 3175 1548 3236 decussis
1572 3178 1670 3236 tantis

272 3265 375 3343 plagis
399 3267 631 3342 scripturarum
655 3263 791 3323 deduxit
813 3269 845 3323 et
867 3261 1018 3340 perduxit
1040 3260 1082 3323 ad
1106 3268 1235 3340 portum
1259 3262 1383 3323 salutis.
1409 3260 1475 3323 Oro
1499 3267 1618 3334 autem,
1636 3267 1671 3322 ut

272 3355 301 3411 si
324 3353 433 3411 minus
457 3351 540 3411 bene
563 3350 681 3411 alicubi
705 3350 780 3422 dixi,
805 3349 882 3409 mihi
905 3349 1067 3426 benignus
1090 3348 1256 3427 indulgeat
1279 3348 1476 3427 delinquenti
1493 3353 1525 3408 et
1539 3351 1669 3410 veniam

269 3437 433 3498 humiliter
455 3437 642 3516 postulanti,
673 3441 705 3497 et
727 3437 825 3497 lector
848 3451 915 3496 non
938 3435 1064 3496 malicie
1088 3435 1148 3495 sed
1171 3438 1359 3513 ignorancie
1383 3435 1525 3496 ascribat
1547 3441 1579 3495 et
1601 3450 1670 3494 cor-

272 3528 371 3602 rigat«
399 3570 405 3584 .
430 3569 438 3584 .
464 3574 470 3585 .
505 3523 783 3600 (Commentarius
813 3522 865 3583 hic
895 3525 927 3583 in
950 3525 1050 3582 veteri
1073 3522 1223 3600 catalogo
1246 3528 1359 3583 nostro
1383 3521 1466 3583 falso
1490 3521 1671 3582 attribuitur

270 3611 403 3672 Alberto
427 3609 574 3688 Magno)

380 3696 402 3758 f.
425 3691 631 3758 3132-330b
658 3693 810 3756 »Materia
831 3699 864 3755 in
887 3695 1002 3755 librum
1026 3692 1107 3755 iob«
1134 3697 1233 3773 (opus
1256 3699 1437 3769 mancum).

380 3783 400 3846 l.
425 3778 631 3845 33122-332*
656 3780 810 3844 »Materia
832 3782 979 3860 aliqualis
1003 3797 1102 3860 super
1126 3781 1317 3842 Proverbia«
1343 3781 1599 3860 (fragmentum).

381 3889 526 3962 Operculo
549 3889 631 3947 infer.
655 3889 816 3960 adligatum
846 3896 891 3944 cst
914 3889 1106 3959 fragmentum
1130 3890 1289 3946 membran.
1314 3888 1427 3945 codicis
1450 3888 1605 3944 cuiusdam
1634 3888 1669 3943 li·

268 3979 376 4049 turglci
399 3992 477 4034 saec.
499 3975 577 4032 XIV.
601 3975 693 4032 Vetus
717 3977 791 4047 sign.
815 3975 849 4047 B,
874 3975 923 4033 20.

377 4143 445 4225 761
708 4143 777 4220 IV.
809 4143 852 4219 G.
880 4143 941 4218 29.
965 4158 1010 4227 (Y.
1030 4159 1079 4212 ur.
1098 4160 1123 4210 4.
1141 4176 1166 4212 n.
1184 4161 1222 4228 a)

273 4283 383 4347 chart.
407 4301 495 4346 saec.
519 4282 588 4346 XV
606 4284 664 4360 im,
674 4283 720 4366 ff.
743 4284 819 4361 168,
841 4281 1099 4347 mamam.
1123 4284 1155 4345 d.
1178 4303 1222 4346 m.

381 4403 571 4468 Sermones
595 4407 638 4467 de
661 4405 794 4468 sanctis
824 4423 887 4484 per
919 4403 1088 4467 circulum
1123 4405 1206 4466 anni
1241 4422 1321 4467 cum
1353 4405 1438 4467 vitis
1472 4404 1673 4466 eorundem.

274 4491 404 4566 (insunt
441 4495 537 4554 etiam
576 4497 660 4554 vitae
692 4499 902 4572 patronorum
937 4491 1114 4552 Bohemiae
1149 4498 1180 4553 et
1211 4496 1335 4570 passim
1360 4498 1457 4554 notae
1482 4492 1673 4552 bohemicae

270 4583 356 4640 inter
378 4579 480 4639 lineas
504 4585 536 4640 et
557 4583 589 4641 in
613 4583 785 4658 margine.)
810 4579 1011 4640 »Ambulans
1034 4576 1133 4639 Jesus
1152 4626 1160 4641 .
1180 4625 1186 4638 .
1207 4627 1215 4643 .
1234 4578 1338 4640 Gorra
1361 4595 1550 4658 exponens«
1571 4580 1604 4636 ><
1624 4583 1675 4638 »et

276 4669 417 4726 maxime
441 4667 671 4745 simplicibus«

383 4771 423 4828 Ut
445 4767 548 4829 Hanub
572 4773 811 4830 bibliothecarius
834 4775 864 4828 in
889 4773 1023 4843 catalogo
1045 4777 1140 4828 vetere
1163 4774 1325 4843 adnotavit,
1350 4772 1437 4827 huius
1461 4773 1572 4829 codicis
1592 4787 1675 4843 oper·

270 4858 351 4914 culis
375 4859 445 4915 olim
469 4859 599 4930 adligata
621 4867 703 4916 erant
732 4861 892 4916 membran.
928 4858 1089 4930 fragmenta
1124 4858 1315 4914 vetustissimi
1348 4857 1483 4914 Dalcmili
1517 4858 1673 4926 bohemici,

275 4961 351 5016 quae
374 4961 453 5002 nunc
475 4946 633 5018 separatim
656 4953 844 5002 asservantur
866 4947 981 5016 (nescio
1005 4947 1065 5013 ubi,
1099 4959 1166 5000 cum
1201 4949 1317 5002 diversa
1351 4945 1411 5001 sint
1434 4947 1470 5000 ab
1494 4945 1563 5016 illis,
1599 4961 1673 5016 quae

269 5035 311 5088 de
334 5034 401 5088 cod.
425 5031 461 5089 X.
485 5033 517 5090 F.
543 5033 561 5088 6
585 5035 756 5105 deprompta
781 5017 848 5090 Cas.
873 5031 951 5091 Mus,
980 5032 1056 5088 1861
1084 5035 1162 5088 edita
1184 5034 1278 5104 sunt).
1312 5031 1384 5088 Item
1408 5033 1570 5088 notandum
1593 5046 1674 5102 oper-

325 5253 670 5311 rnunulmcneoam.
951 5252 1002 5303 305
1546 5251 1573 5296 ao
