4048 6012
948 563 1007 624 321
1067 587 1072 596 ·

279 779 310 832 et
333 788 420 832 unus
445 771 529 832 deus
556 775 588 832 in
612 779 759 832 eternum
785 772 988 832 benedictus.
1012 772 1127 832 Amen.
1153 769 1291 848 Explicit
1307 771 1386 830 liber
1409 770 1438 831 d.
1465 787 1491 831 s
1517 776 1535 832 i.
1561 790 1587 834 e.
1613 773 1686 834 lini-

279 863 331 918 tus
355 857 411 921 ser.
436 862 561 938 quinta.
586 858 680 918 Liber
702 857 793 920 Bone
818 864 965 932 venture,
999 859 1050 918 alii
1075 859 1196 924 dicunt,
1221 857 1310 936 quod
1335 861 1377 918 sit
1401 857 1582 936 solempnis
1607 860 1687 921 doc-

280 949 357 1005 toris
382 945 423 1004 de
448 945 644 1024 Erphordya
668 952 889 1023 cognomento
913 946 953 1004 de
978 943 1174 1005 infirmaria«
1201 944 1307 1017 (sici).

388 1049 409 1110 i.
434 1045 619 1111 94¹³-108b
642 1049 687 1112 Μ.
711 1049 855 1111 Henrici
886 1049 929 1110 de
958 1047 1088 1110 Hassia
1110 1047 1292 1110 Tractatus
1316 1047 1358 1109 de
1381 1047 1593 1112 discretione
1616 1051 1686 1128 spi·

280 1135 420 1198 rituum.
453 1135 564 1198 »Sicut
594 1141 625 1198 in
657 1136 868 1215 philosophia
898 1141 1007 1196 motus
1032 1141 1063 1196 et
1086 1139 1318 1212 operaciones<
1346 1137 1379 1194 ><
1404 1138 1681 1216 »impossibilitatis

281 1223 372 1284 sreno
396 1241 497 1302 posse
522 1228 678 1284 retineri«

385 1331 532 1402 Operculo
556 1346 650 1401 super.
677 1330 838 1398 adligatum
862 1335 907 1384 est
930 1329 1063 1384 bilolium
1087 1330 1249 1384 membran.
1274 1331 1387 1386 codicis
1403 1333 1570 1402 cuiusdam,
1594 1337 1626 1387 ut
1642 1332 1685 1386 vi-

282 1419 364 1473 detur
386 1418 547 1490 Hymnarii,
572 1433 649 1475 saec.
674 1415 752 1474 XIV.
777 1415 800 1470 E
822 1421 949 1474 monast.
975 1415 1005 1473 S.
1031 1415 1175 1474 Coronae.

385 1601 457 1682 319
888 1602 916 1676 I.
947 1602 992 1676 G.
1020 1601 1104 1676 aab.

284 1743 470 1804 membran.
497 1759 583 1804 saec.
607 1739 694 1804 XIV
706 1741 747 1823 ff.
771 1742 823 1811 86,
837 1741 877 1802 21
894 1741 984 1803 ><15
1004 1759 1067 1803 cm.
1092 1743 1109 1802 l
1136 1759 1179 1800 m.

390 1863 410 1923 i.
440 1858 559 1924 1—65b
582 1862 616 1924 S.
640 1863 907 1925 Bonaventurae
930 1863 1032 1924 Liber
1050 1864 1091 1924 de
1104 1868 1240 1940 septem
1253 1862 1439 1925 itineribus
1455 1865 1684 1928 aeternitatis.

286 1949 454 2024 ›Omnem‚
479 1954 533 2029 qui
556 1954 645 2010 venit
668 1951 709 2011 ad
735 1968 804 2011 me«
832 1953 864 2008 ><
892 1951 1075 2030 »adquam
1101 1951 1237 2010 domum
1262 1954 1439 2012 eternitatis
1474 1969 1536 2013 nos
1569 1953 1687 2032 perdu-

283 2044 343 2105 cat,
368 2041 421 2116 qui
445 2043 496 2096 est
519 2043 651 2097 eternus
675 2044 707 2098 et
729 2055 816 2098 unus
841 2038 924 2098 deus
948 2041 979 2097 in
1005 2043 1152 2097 eternum
1177 2037 1372 2098 benedictus
1396 2038 1481 2098 deus
1506 2056 1563 2100 rex
1586 2057 1687 2118 ange-

283 2125 396 2196 lorum,
420 2127 474 2202 qui
498 2127 576 2184 vivit
599 2129 659 2188 etc.
684 2125 868 2202 Expliciunt
892 2129 1004 2184 itinera
1028 2128 1206 2184 eternitatis
1230 2125 1367 2184 Amen«

391 2225 597 2288 too-861³
624 2229 793 2306 »lncipitur
815 2230 903 2302 liber,
938 2233 992 2308 qui
1017 2229 1133 2289 dicitur
1165 2227 1353 2305 Speculum
1371 2230 1684 2308 contemplacionis

284 2313 442 2394 (Gerardi
465 2313 762 2394 Zutphaniensis).
788 2315 909 2376 Beatus
933 2320 989 2388 vir,
1014 2319 1108 2376 cuius
1139 2321 1189 2376 est
1211 2317 1365 2376 auxilium
1383 2317 1444 2376 abs
1468 2321 1515 2376 te«
1543 2319 1576 2375 ><
1603 2318 1687 2378 »Ex-

285 2403 369 2478 plicit
391 2403 469 2461 liber
492 2404 764 2480 contemplativus
783 2453 787 2464 .
807 2451 838 2464 ..
865 2402 975 2463 linitus
1013 2420 1070 2480 per
1103 2419 1222 2462 manus
1257 2401 1392 2464 Nicolai
1425 2404 1622 2481 presbyteri
1653 2410 1684 2464 in

285 2489 389 2564 vigilia
412 2505 438 2550 s,
462 2487 622 2549 Valentini
646 2488 731 2549 XVll
755 2491 817 2550 kal.
841 2489 973 2550 Marci«
999 2489 1128 2562 (Eidem
1145 2490 1306 2566 opusculo
1328 2491 1401 2550 alibi
1418 2492 1618 2552 inscribitur:
1644 2493 1685 2552 de

285 2573 338 2634 Vll
361 2574 516 2652 gradibus
541 2580 671 2648 amoris»,
696 2576 736 2636 de
761 2577 980 2654 spiritualibus
1004 2576 1284 2649 ascensionibus)

388 2681 491 2737 Codici
515 2682 586 2736 olim
610 2683 768 2737 adiunctus
791 2689 852 2737 erat
876 2681 1037 2751 Catalogus
1062 2682 1201 2736 abbatum
1226 2690 1353 2739 monast.
1380 2683 1409 2738 S.
1435 2682 1579 2752 Coronae,
1605 2687 1685 2740 utin

285 2768 303 2824 i.
329 2762 385 2824 86¹³
409 2785 498 2823 manu
522 2785 597 2825 saec.
623 2767 704 2822 XVII
728 2776 861 2834 notatur3
893 2771 944 2823 sed
976 2770 1023 2823 hic
1046 2784 1124 2822 nunc
1159 2768 1348 2824 desideratur.
1394 2769 1533 2825 Eiusdem
1558 2778 1685 2828 monast.

287 2859 380 2910 codex
405 2857 466 2924 luit,
492 2863 649 2926 antequam
674 2856 710 2910 ad
735 2871 790 2910 nos
817 2858 955 2926 pervenit.

389 3041 472 3124 32⁰
900 3041 928 3116 I.
962 3040 1006 3115 G.
1034 3042 1095 3115 43.

286 3184 394 3244 chart.
418 3200 505 3244 saec.
530 3180 616 3243 XIV
627 3180 676 3260 ss.
700 3183 754 3256 89,
776 3183 816 3243 21
835 3181 953 3244 >illo
974 3199 1036 3242 cm.
1065 3181 1078 3241 l
1107 3200 1149 3242 m.

394 3304 414 3364 l.
442 3299 562 3364 1-54b
585 3306 744 3376 (anepigr.)
773 3301 949 3363 Historiae
994 3301 1134 3364 Veteris
1168 3300 1393 3364 Testamenti.
1439 3305 1565 3366 »Adam
1590 3311 1688 3368 unico

287 3393 373 3452 iacto
398 3408 459 3452 suo
484 3391 585 3450 multa
608 3395 743 3467 peccata
767 3393 950 3450 commisit‹
976 3401 1010 3457 ><
1037 3395 1087 3449 »et
1110 3389 1150 3448 de
1174 3386 1368 3450 Nichanoris
1393 3395 1537 3452 exercitu
1555 3410 1688 3470 percus-

287 3485 400 3539 serunt
422 3476 512 3538 XXV
536 3478 663 3537 millia«.

394 3599 415 3660 i.
438 3596 600 3659 bib—89⁸
622 3601 780 3672 (anepigr.)
811 3594 1039 3658 Narrationes
1074 3599 1293 3675 exemplares
1318 3603 1353 3658 et
1376 3598 1621 3675 persuasoriae
1645 3601 1689 3661 ad

287 3686 556 3748 instructionem
578 3684 854 3762 praesidentium
876 3683 912 3744 in
935 3685 1086 3760 thronis,
1123 3691 1226 3761 prout
1249 3683 1475 3746 continentur
1508 3684 1544 3745 in
1577 3688 1687 3763 gestis

287 3779 469 3852 potentum
492 3771 550 3834 vel
574 3771 782 3848 sapientum.
806 3770 963 3844 (Titulum
988 3772 1075 3832 hunc
1099 3789 1116 3830 e
1141 3775 1307 3849 prooemio
1324 3775 1553 3848 sumpsimus).
1580 3772 1689 3852 »Quo-

287 3867 373 3922 niam
398 3859 620 3921 misericordia
643 3864 675 3918 et
697 3863 817 3918 veritas
842 3859 1033 3919 custodiunt
1055 3875 1183 3934 regem«
1225 3861 1257 3916 ><
1298 3857 1371 3918 »Sic
1407 3874 1482 3918 caro
1507 3858 1643 3936 llagellis
1666 3879 1687 3920 a

287 3948 448 4010 libidine«.
472 3945 662 4020 (Dimidium
687 3944 739 4008 lol.
764 3947 922 4016 ultimum,
947 3946 1000 4005 ubi
1024 3947 1236 4004 verisimiliter
1267 3951 1335 4005 erat
1363 3946 1533 4004 conclusio
1568 3951 1687 4024 operis.

287 4037 454 4096 abscisum
479 4039 553 4110 est).
577 4031 661 4093 Sunt
683 4031 824 4094 Robertl
846 4031 974 4110 Holgot
997 4031 1215 4093 Moralitates
1238 4047 1266 4092 s.
1291 4031 1497 4108 scripturae.
1690 4044 1694 4054 ·

391 4159 423 4214 In
448 4159 539 4214 fronte
563 4157 581 4213 l.
610 4157 643 4212 1Ε
667 4158 739 4212 haec
763 4165 833 4212 nota
856 4157 997 4210 occurrit:
1029 4155 1176 4210 »Libellus
1211 4156 1321 4211 domini
1357 4155 1461 4212 Jacobi
1497 4157 1606 4226 (cetera
1642 4174 1689 4214 ra·

289 4249 386 4302 dendo
409 4246 503 4302 deleta
526 4245 610 4314 sunt)
634 4246 689 4299 sibi
714 4245 898 4314 singulariter
921 4249 1038 4314 propter
1060 4243 1199 4298 historias
1223 4245 1379 4299 dilectus«.
1412 4243 1455 4298 Ex
1479 4251 1606 4302 monast.
1632 4246 1689 4300 Bo-

288 4349 454 4390 rovanensr.

393 4502 461 4582 321
897 4499 924 4572 I.
957 4499 1000 4573 G.
1028 4500 1089 4572 44.

397 4645 491 4705 Liber
514 4647 600 4722 typis
624 4657 779 4709 excusus.
804 4645 855 4714 cui
879 4641 930 4700 hic
954 4641 1064 4700 titulus
1088 4645 1158 4698 est:

397 4763 574 4826 Hermanni
609 4761 841 4824 Nitzschewitz
871 4759 999 4822 Novum
1035 4763 1149 4822 beatae
1181 4759 1303 4821 Mariae
1333 4766 1466 4840 virginis
1491 4762 1686 4838 psalterium.

290 4851 393 4913 Zinna
426 4853 513 4931 apud
544 4850 748 4930 Magdeburg
777 4847 889 4924 (1492)
918 4842 955 4907 4⁰
984 4845 1048 4927 (Cr.
1080 4849 1172 4910 catal.
1204 4852 1311 4908 incun.
1338 4846 1478 4926 typogr.)
1501 4847 1585 4908 Huic
1609 4847 1688 4907 libro

290 4940 430 5017 adligata
454 4943 531 5000 sunt
553 4939 713 5016 opuscula
744 4937 882 4996 diversis
906 4937 1058 4995 manibus
1083 4953 1169 4996 saec.
1194 4932 1255 4992 XV
1279 4951 1329 4995 ex.
1354 4937 1405 4995 vel
1429 4934 1501 4996 XVI
1525 4940 1566 4996 in.
1591 4939 1623 4995 in
1646 4935 1689 4996 98

293 5023 321 5086 ri.
347 5042 435 5086 num.
461 5029 589 5103 scripta,
614 5041 698 5104 quae
723 5027 919 5101 sequuntur:

966 5245 1013 5295 139
