4048 6012
1054 583 1118 646 258

492 798 512 860 l.
541 791 743 858 1302-224b
765 793 900 856 Alberti
922 792 1041 871 Magni
1080 791 1225 854 Summa
1261 793 1317 854 vel
1357 792 1529 872 principia
1566 793 1788 856 naturalium.

387 885 547 964 »Explicit
570 882 709 946 Summa
731 883 926 944 naturalium
950 880 1073 940 Alberti
1097 877 1216 958 Magni.
1256 879 1296 940 Et
1319 886 1397 942 sunt
1420 879 1511 942 finita
1545 899 1603 960 per
1637 880 1789 942 Crucem

384 972 427 1035 de
448 971 548 1034 Telcz
571 975 603 1031 in
628 968 813 1032 Sobieslaw
835 968 974 1028 sabbato
998 971 1074 1028 ante
1098 965 1220 1027 festum
1244 964 1278 1028 S.
1303 965 1385 1028 Galli
1404 1015 1411 1028 .
1430 1016 1436 1028 .
1456 1015 1462 1028 .
1486 985 1514 1028 a.
1541 969 1570 1030 d.
1599 966 1711 1030 1455.‹

489 1075 510 1138 l.
535 1075 613 1140 225Ε
637 1072 741 1135 Notae
765 1077 884 1142 variae,
910 1089 961 1132 ex.
986 1089 1031 1150 gr.
1057 1072 1098 1131 de
1121 1070 1256 1132 Jasone.

489 1179 511 1240 i.
535 1177 740 1239 2261-2461
766 1177 829 1239 »lt
862 1175 983 1254 Erphii
1007 1175 1079 1254 (vel
1102 1174 1246 1253 Erphei)
1270 1177 1560 1238 commentatoris
1596 1193 1624 1238 e.
1659 1175 1789 1238 Thome

384 1266 568 1329 Tractatus
603 1265 754 1326 clavium
788 1264 830 1325 de
865 1263 1128 1325 intencionibus
1163 1261 1275 1340 prima
1309 1269 1345 1325 et
1383 1265 1569 1325 secunda«
1595 1264 1628 1321 ><
1655 1265 1789 1324 »volens

386 1353 475 1434 quod
499 1357 561 1414 ista
584 1351 749 1413 subiciant
771 1351 812 1411 de
836 1351 977 1411 clavium
1002 1353 1188 1411 intencione
1213 1350 1299 1411 dicta
1317 1399 1323 1412 .
1342 1394 1375 1411 ..
1399 1350 1442 1411 Et
1464 1356 1542 1412 sunt
1565 1351 1645 1412 finiti
1657 1355 1689 1412 in
1701 1348 1790 1410 Wis-

387 1441 526 1519 segrado
561 1457 589 1500 a.
627 1439 657 1499 d.
693 1437 776 1499 1458
807 1454 923 1499 mense
953 1437 1118 1498 Februarii
1149 1441 1181 1496 in
1212 1441 1308 1514 signo
1345 1441 1464 1507 arietis,
1488 1454 1609 1498 aureus
1633 1453 1791 1499 numerus

386 1532 466 1589 etc*
491 1612 511 1674 i.
536 1609 741 1672 aleb—261⁸
765 1610 862 1671 Adae
884 1611 1025 1687 pulcrae
1048 1608 1208 1671 mulieris
1239 1608 1442 1671 Memoriale
1474 1609 1695 1672 naturalium.
1742 1609 1791 1688 (ln

387 1705 548 1778 margine:
599 1699 680 1760 »Iste
704 1703 755 1759 est
778 1699 890 1759 titulus
914 1701 1010 1758 istius
1033 1701 1210 1758 tractatus:
1257 1695 1446 1758 Memoriale
1480 1715 1587 1758 rerum
1612 1695 1792 1758 difficilium

386 1791 481 1848 istius
504 1789 627 1847 autoris
650 1786 721 1846 Ade
745 1785 855 1864 pulcre
879 1785 1024 1844 mulieris
1048 1782 1270 1862 cuiusdam).
1299 1783 1358 1844 »Et
1380 1788 1483 1862 primo
1507 1788 1540 1845 in
1562 1785 1626 1844 hoc
1649 1783 1791 1862 capitulo

387 1891 459 1935 mee
475 1877 670 1935 intencionis
693 1877 744 1933 est
766 1888 873 1932 rerum
898 1872 1094 1932 naturalium
1119 1868 1299 1930 difficiliora
1315 1870 1453 1931 breviter
1477 1872 1644 1948 colligere«
1664 1873 1695 1927 ><
1715 1875 1792 1930 »irn-

386 1961 542 2040 possibile
554 1965 606 2020 est
617 1959 737 2039 aliquid
760 1975 873 2019 eorum
899 1973 1076 2018 remanere.
1090 1956 1204 2018 Ethec
1218 1956 1258 2016 de
1272 1961 1444 2036 questione
1478 1957 1645 2019 sufficiant
1666 1961 1697 2018 in
1722 1973 1792 2035 pre·

387 2052 499 2108 senti«

491 2149 512 2211 l.
536 2148 616 2211 261b
640 2149 823 2227 Registrum
847 2151 955 2225 operis
982 2147 1226 2225 subsequentis
1262 2151 1314 2207 cui
1350 2147 1444 2208 deest
1477 2152 1600 2209 initium
1624 2165 1691 2208 uno
1714 2147 1791 2207 folio

388 2238 552 2299 abscisso,

491 2341 512 2402 i.
537 2339 740 2402 2620-282·
762 2337 998 2418 Quaestiones
1023 2337 1064 2398 de
1088 2336 1350 2399 universalibus
1375 2343 1406 2399 in
1430 2337 1473 2398 34
1495 2341 1647 2399 articulis.

495 2428 514 2488 l.
540 2424 712 2489 282-283
736 2424 840 2485 Notae
862 2429 973 2485 variae
997 2424 1255 2502 philosophicae.

494 2513 514 2574 i.
540 2507 743 2575 2842—30‘2b
766 2510 800 2572 S.
823 2510 976 2572 Thomae
1000 2509 1188 2587 Aquinatis
1212 2509 1249 2570 in
1271 2509 1400 2572 librum
1431 2512 1474 2572 de
1506 2512 1624 2573 causis
1648 2510 1793 2590 (Alpha-

390 2600 493 2680 rabii)
517 2599 803 2662 commentarius.
831 2595 967 2658 »Omnis
992 2613 1095 2657 causa
1130 2601 1298 2675 primaria«
1325 2599 1357 2656 ><
1385 2597 1455 2658 »iac
1490 2615 1542 2659 me
1567 2600 1620 2660 tibi
1644 2604 1793 2676 accepta-

390 2688 499 2749 bilem.
524 2687 564 2748 Et
587 2693 634 2747 sic
658 2691 710 2746 est
732 2685 817 2758 finis
842 2701 900 2763 pro
925 2701 991 2764 quo
1017 2684 1100 2744 deus
1124 2684 1274 2744 laudetur
1295 2688 1328 2744 in
1352 2688 1479 2744 astris«

494 2773 515 2836 l.
539 2768 741 2835 303·-307b
765 2771 913 2850 Registra
936 2787 1072 2850 operum
1096 2771 1209 2830 codice
1232 2770 1296 2831 hoc
1320 2776 1548 2832 contentorum
1572 2789 1672 2833 manu
1688 2770 1794 2831 fratris

390 2859 513 2923 Crucis
537 2863 579 2922 de
602 2858 701 2921 Telcz
724 2876 755 2920 a.
782 2855 866 2920 1495
891 2862 924 2918 in
948 2861 1149 2918 monasterio
1172 2851 1379 2918 Tiebonensi
1404 2863 1599 2920 concinnata
1622 2859 1720 2932 (·sub
1736 2857 1793 2917 ab·

391 2948 464 3008 bate
488 2946 599 3008 Marco
624 2947 664 3007 de
687 2945 848 3019 Trzebon,
873 2944 1026 3006 Johanne
1050 2948 1155 3022 priore
1179 2944 1220 3003 de
1243 2941 1447 3022 Tissnow«).

494 3053 604 3110 Deinde
629 3055 724 3108 codex
746 3053 776 3108 in
800 3052 871 3110 bibl.
895 3051 1141 3120 Rosenbergicam
1164 3051 1304 3120 pervenit,
1336 3066 1373 3105 ex
1405 3069 1463 3123 qua
1485 3055 1637 3108 restitutus
1661 3059 1705 3107 est
1728 3067 1793 3105 mo-

391 3143 518 3196 nasterio
543 3137 736 3196 Tiebonensi.

495 3307 578 3389 258
1007 3307 1036 3382 I.
1065 3309 1105 3382 F.
1133 3309 1193 3382 26.

392 3449 500 3510 chart.
523 3467 608 3512 saec.
632 3445 798 3510 XIV—X
802 3446 831 3508 V
834 3447 882 3530 ff.
909 3449 968 3511 131
994 3467 1097 3524 uuna,
1121 3450 1200 3511 205
1209 3452 1241 3508 Χ
1257 3450 1334 3512 1425
1354 3469 1417 3512 cm.
1442 3451 1474 3511 d.
1498 3467 1544 3510 m.

499 3570 662 3632 Richardi
686 3573 727 3631 de
751 3569 787 3631 S.
808 3568 951 3632 Victore
976 3571 1152 3649 opuscula:

501 3657 520 3718 i.
551 3659 560 3716 l
590 3655 770 3735 Registrum
796 3661 904 3735 operis
928 3663 1108 3736 sequentis

500 3743 519 3804 i.
545 3741 667 3804 2—47b
690 3742 742 3804 De
765 3759 890 3805 somno
914 3742 1237 3806 Nabuchodonosor
1259 3745 1353 3822 regis
1377 3745 1465 3806 liber
1487 3744 1629 3822 primus.

500 3830 519 3890 l.
544 3826 706 3890 471-83δ
733 3828 904 3908 »Sequitur
938 3831 1025 3890 aliud
1060 3833 1256 3907 opusculum
1288 3831 1329 3891 de
1361 3831 1433 3905 hiis,
1466 3848 1529 3910 que
1554 3835 1795 3908 consequenter

393 3919 613 3978 subsecuntur
635 3917 675 3976 de
700 3915 848 3994 Sompno
871 3914 1197 3977 Nabuchodonosor«
1226 3917 1384 3996 (zliber
1406 3919 1609 3991 secundus).

500 4003 521 4064 i.
546 3999 708 4065 {aqu-921>
733 4001 926 4080 »Excerpta
959 4002 1121 4064 Richardl
1159 4006 1200 4064 de
1245 4008 1396 4065 tractatu
1437 4003 1550 4067 Omne
1585 4008 1689 4080 caput
1721 4002 1795 4062 lan·

391 4091 565 4169 gnidum«.
592 4089 686 4150 »Tria
702 4095 789 4162 sunt,
813 4095 846 4151 in
871 4091 989 4168 quibus
1005 4095 1111 4151 tocius
1129 4093 1303 4168 spiritualis
1320 4096 1543 4169 corrupcionis
1557 4107 1689 4151 summa
1704 4106 1794 4150 com·

392 4178 618 4255 prehenditur«
646 4179 677 4234 ><
704 4193 830 4255 »neque
854 4177 966 4238 curata
989 4177 1203 4238 medicamine
1227 4195 1333 4256 neque
1358 4177 1552 4239 sotadeo«

501 4263 519 4324 l.
545 4259 707 4324 932,9gu
733 4261 800 4323 »De
825 4280 924 4341 regno
949 4267 1017 4323 sive
1052 4267 1185 4342 imperio
1210 4265 1351 4324 hominis
1375 4269 1514 4326 interiori
1538 4269 1607 4324 sive
1640 4265 1794 4342 spirituali

391 4367 433 4411 ex
449 4349 536 4410 libris
559 4349 729 4429 Rychardi.
754 4349 863 4410 Homo
887 4353 940 4427 qui
965 4355 997 4410 et
1018 4366 1289 4428 mycrocosmus«
1315 4351 1348 4409 ><
1376 4351 1434 4412 »Et
1457 4356 1503 4412 sic
1527 4368 1564 4411 es
1580 4351 1655 4411 finis
1672 4355 1793 4412 tracta·

390 4437 456 4498 tuli
479 4435 643 4498 Richardi
667 4436 708 4497 de
732 4435 984 4498 reformacione
1007 4437 1161 4498 hominis
1185 4436 1394 4499 interioris«

499 4523 519 4584 l.
543 4523 728 4584 991-130Ει
760 4522 941 4586 Tractatus
976 4539 1083 4600 super
1113 4525 1283 4602 quosdam
1312 4525 1481 4602 psalmos.
1520 4523 1646 4604 »Quare
1676 4523 1793 4584 iremu-

392 4616 486 4671 erunt
507 4617 643 4687 gentes«
670 4611 702 4666 ><
729 4611 924 4689 »inquibus
949 4614 1012 4688 ipsi
1036 4615 1126 4689 prius
1149 4611 1289 4689 perfecte
1314 4615 1501 4690 compuncti
1525 4627 1673 4672 sumus«

500 4697 520 4756 l.
549 4693 751 4758 1302—1311‘
788 4696 857 4757 »Ex
892 4713 1045 4757 sermone
1080 4697 1260 4758 eiusdem«
1299 4697 1408 4759 »Tolle
1443 4714 1580 4776 puerum
1604 4704 1636 4758 et
1658 4701 1793 4758 matrem

392 4789 492 4844 eius«
520 4783 613 4861 (item
639 4800 737 4861 super
747 4789 768 4854 z)
795 4783 901 4863 »Quid
926 4783 1020 4843 dabis
1044 4787 1092 4843 eis
1116 4783 1248 4845 domine
1272 4785 1404 4846 vulvam
1428 4787 1554 4862 absque
1578 4785 1714 4844 liberis«

497 4873 599 4928 Codex
622 4873 669 4940 hic
693 4874 834 4928 exhibens
859 4888 998 4928 numeros
1023 4873 1072 4930 sol.
1102 4875 1268 4930 147—277
1294 4891 1383 4929 manu
1407 4891 1485 4930 saec.
1509 4873 1564 4929 XV
1589 4881 1706 4930 notatos
1730 4879 1795 4928 tan-

391 4967 453 5016 tum
477 4961 730 5016 continuationem
756 4975 876 5030 operum
900 4959 1037 5016 Richardi
1060 4967 1156 5015 tenere
1179 4961 1302 5018 videtur.
1336 4960 1480 5033 Operculo
1515 4962 1596 5018 infer.
1632 4961 1794 5030 adligatum

393 5053 436 5102 est
459 5049 619 5104 membran.
644 5047 838 5118 fragmentum
862 5047 1048 5101 instrumenti
1071 5046 1181 5117 publici
1207 5050 1353 5119 quendam
1370 5047 1484 5103 Petrum
1505 5049 1706 5119 presbyterum
1724 5063 1795 5103 con-

1069 5265 1117 5316 106
