4060 6014
923 607 989 670 625

361 823 507 896 Operculo
536 822 617 881 infer.
653 823 812 892 adligatum
835 827 880 876 est
902 819 1095 890 fragmentum
1119 818 1278 875 membran.
1310 819 1498 874 instrumenti
1521 817 1600 888 publ.
1626 832 1653 873 a.

256 911 347 981 1334,
371 911 401 967 in
435 926 494 981 quo
525 917 681 966 occurrunt
713 907 894 964 Theodricus
929 907 1021 962 abbas
1057 903 1284 973 strahoviensis,
1318 904 1457 964 Albertus
1493 907 1654 975 episcopus

252 997 446 1072 Pataviensis‚
478 998 571 1053 abbas
594 997 714 1068 quidam
738 994 928 1050 Gradicensis
951 991 1085 1049 Olomuc.
1110 993 1202 1048 dioec.
1228 997 1257 1045 et
1279 991 1354 1047 aliae
1377 1005 1521 1063 personae
1550 989 1655 1046 eccles.

253 1087 283 1142 in
305 1099 396 1156 regno
419 1083 586 1141 Bohemiae.
610 1083 704 1139 Vetus
728 1082 806 1152 sign.
830 1081 856 1150 J,
882 1081 933 1138 33.

357 1251 436 1335 622
696 1250 766 1327 IV.
794 1248 838 1324 B.
867 1249 928 1324 20.
953 1263 998 1329 <u
1017 1263 1051 1314 11
1072 1263 1097 1314 2.
1116 1277 1142 1314 a.
1162 1263 1214 1324 aa.)

253 1375 360 1439 chart.
383 1392 470 1439 saec.
494 1372 565 1436 XV
580 1369 616 1457 ff.
639 1374 713 1452 245,
735 1373 776 1436 31
790 1371 921 1451 ><21·5
941 1387 1005 1434 cm.
1028 1371 1046 1433 1
1072 1388 1115 1431 m.

360 1497 379 1559 i.
408 1499 440 1558 1·
473 1495 703 1576 Fragmentum
738 1499 900 1557 sermonis
936 1494 976 1554 de
1008 1500 1123 1573 quarto
1155 1499 1329 1573 praecepto
1363 1491 1509 1570 decalogi
1540 1505 1657 1551 carens

253 1589 341 1646 mmo
359 1593 398 1732 iet
415 1583 574 1732 gie-'244¹‘
607 1667 740 1731 Johlini
771 1659 893 1748 (deick
928 1667 970 1730 de
999 1661 1177 1745 Wodhan)
1211 1664 1379 1728 Postiliae
1416 1661 1657 1726 Sderaziensia

252 1773 335 1836 pars
357 1757 386 1819 11
408 1753 757 1838 (quadragesimalis).

266 1908 268 1912 -
360 1860 381 1923 1.
405 1857 485 1923 245¹)
507 1859 670 1940 Hymnus
701 1861 743 1922 de
766 1876 793 1922 s.
818 1858 929 1922 Maria
949 1857 1153 1936 Magdaiena
1175 1861 1355 1935 incipiens:
1393 1855 1509 1916 »Felici
1541 1871 1656 1933 pecca·

253 1951 320 2095 {rici
343 1947 527 2028 Christique
557 1951 729 2008 amatrici«
756 1946 791 2009 ln
815 1946 880 2009 fine
904 1946 1117 2007 subscribitur
1139 1949 1254 2006 auctor
1275 1943 1326 2003 vel
1339 1943 1447 2004 scriba
1470 1940 1657 2004 »wences-

265 2051 361 2096 aas«.

360 2139 512 2214 Operculis
535 2141 718 2212 adglutinata
741 2147 811 2196 sunt
833 2140 995 2211 fragmenta
1009 2139 1168 2195 membran.
1185 2137 1369 2193 instrumenti
1391 2135 1502 2207 publici
1519 2152 1546 2192 a.
1564 2133 1655 2202 1405,

252 2244 310 2300 quo
342 2229 470 2300 capitulo
501 2224 733 2299 Wysehradensi
767 2229 967 2283 consentiente
998 2226 1133 2281 locantur
1155 2225 1275 2296 quidam
1306 2224 1366 2294 agri
1390 2221 1494 2278 Jacobi
1517 2223 1655 2278 custodis

253 2316 369 2372 ibidem.
394 2315 427 2371 In
450 2317 589 2386 operculo
613 2330 709 2386 super.
733 2315 806 2370 haec
829 2320 899 2369 nota
922 2312 1065 2368 occurrit:
1094 2309 1169 2366 »Iste
1191 2311 1264 2366 liber
1283 2318 1327 2366 est
1350 2311 1386 2364 de
1401 2309 1522 2366 libraria
1543 2307 1655 2364 Mathie

251 2401 382 2460 Laude«.
406 2401 499 2458 Vetus
523 2401 599 2474 sign.
622 2399 655 2472 E,
668 2403 698 2459 4.
721 2401 755 2457 ln
778 2400 921 2472 Catalogo
945 2397 1007 2456 MS.
1030 2397 1317 2454 Zimmermanniano
1340 2395 1410 2451 huic
1425 2396 1521 2452 codici
1539 2395 1658 2451 additur

253 2505 280 2546 a.
309 2489 388 2546 1407
413 2491 513 2546 nescio
537 2493 614 2546 unde
638 2495 783 2560 sumptus¹

356 2655 436 2738 623
696 2657 766 2733 IV.
794 2655 838 2731 B.
865 2655 926 2729 21.
951 2669 995 2737 (Υ.
1017 2669 1052 2721 11.
1070 2670 1094 2720 2.
1113 2684 1138 2720 n.
1158 2669 1210 2734 aa.)

251 2780 359 2842 chart.
381 2797 468 2842 saec.
492 2778 561 2842 XV
580 2779 636 2856 ira,
647 2779 692 2862 ff.
715 2779 791 2856 240,
813 2777 957 2842 31x22
979 2795 1041 2838 cm.
1066 2778 1084 2838 1
1109 2794 1153 2838 m.

359 2903 392 2960 ln
415 2904 464 2962 iol.
490 2906 648 2962 membran.
684 2921 744 2960 non
779 2920 858 2962 num.
892 2903 1053 2959 delineatae
1077 2907 1146 2958 sunt
1181 2902 1297 2958 arbores
1328 2902 1596 2972 consanguinitatis
1625 2905 1653 2955 et

253 2991 522 3135 affinitaftlrsia-f'a
546 3077 703 3149 (anepigr.)
725 3071 911 3152 Expositio
933 3041 1121 3134 earundem
1137 3073 1309 3134 arborum.
1328 3072 1399 3132 »Ad
1415 3070 1655 3150 intelligendam

251 3177 328 3222 vero
352 3166 383 3221 et
405 3161 589 3223 docendam
612 3160 751 3238 figuram
774 3160 958 3222 affinitatis«
986 3161 1019 3216 ><
1045 3160 1126 3220 »hec
1150 3159 1191 3220 de
1214 3159 1329 3220 arbore
1361 3161 1655 3236 consanguinitatis

252 3247 338 3309 dicta
360 3255 437 3308 sunt
459 3248 501 3309 ad
525 3264 671 3326 presens.
697 3245 785 3308 Finis
809 3248 938 3308 huius«

359 3351 378 3412 i.
403 3349 565 3412 (ll-235b
587 3351 681 3414 Petri
708 3350 895 3414 Lombardi
929 3348 1188 3414 Sententiarum
1211 3349 1288 3410 libri
1311 3348 1325 3409 l
1348 3347 1434 3411 atil
1457 3365 1537 3411 cum
1560 3346 1655 3409 notis

251 3437 499 3517 marginalibus
522 3444 557 3500 et
580 3439 874 3501 interlinearibus.

359 3524 378 3585 i.
403 3524 608 3587 2362—2402
642 3524 764 3588 Oratio
797 3523 1013 3602 inauguratis
1045 3542 1065 3584 a
1096 3525 1215 3585 lectore
1246 3523 1389 3601 quodam
1415 3519 1655 3584 Sententiarum

250 3610 292 3673 de
314 3611 475 3674 laudibus
496 3613 693 3692 theologiae
716 3617 748 3675 in
771 3615 982 3674 universitate
1006 3608 1209 3690 (Pragensi?)
1231 3610 1351 3670 habita.

359 3719 452 3776 Vetus
475 3721 550 3792 sign.
575 3721 610 3789 A,
639 3722 686 3778 14.

354 3887 438 3969 624
697 3889 766 3964 IV.
795 3889 838 3964 B.
866 3887 927 3962 22.
951 3901 996 3964 (Υ.
1014 3901 1035 3954 l.
1052 3905 1078 3954 3.
1098 3919 1123 3954 n.
1142 3903 1197 3966 aa.)

250 4011 357 4076 chart.
382 4029 415 4073 a.
439 4011 524 4075 1416
534 4012 581 4094 ff.
605 4012 669 4075 294
691 4030 796 4087 uum„
819 4009 971 4085 31><22
993 4026 1056 4071 cm.
1080 4009 1098 4070 1
1125 4027 1170 4070 m.

357 4132 492 4196 Nicolai
514 4133 556 4196 de
579 4133 728 4196 Gorram
749 4131 851 4195 Dicta
873 4148 981 4210 super
1003 4130 1173 4209 epistolas
1197 4147 1224 4194 a.
1248 4129 1356 4194 Pauli.

357 4233 482 4298 12941
516 4237 719 4317 »Explieiunt
749 4237 835 4297 dicta
867 4234 969 4297 Gorre
1004 4252 1105 4314 super
1133 4236 1290 4314 epistolas
1321 4234 1362 4296 ad
1393 4232 1491 4295 Hebr.
1516 4252 1544 4294 a.
1572 4231 1655 4294 1416

250 4322 305 4384 ier.
329 4322 371 4384 Vl
396 4329 470 4385 ante
494 4323 613 4386 testum
636 4327 863 4386 conversionis
888 4322 977 4384 Pauli
1001 4339 1059 4401 per
1081 4339 1200 4383 manus
1222 4318 1533 4383 Johannis'Wlks

358 4430 502 4502 Operculo
532 4431 611 4490 inser.
648 4433 811 4502 adligatum
846 4438 889 4487 est
919 4429 1112 4501 fragmentum
1136 4433 1295 4487 membran.
1326 4428 1467 4485 Breviarii
1498 4428 1653 4484 cuiusdam

251 4533 329 4576 saec.
353 4517 415 4574 ΧΠ.
440 4517 533 4573 Vetus
557 4524 631 4590 sign.
656 4518 681 4586 J,
707 4519 756 4576 57.

353 4685 433 4767 625
669 4660 673 4666 ’
693 4687 763 4763 IV.
791 4686 835 4762 B.
862 4686 923 4761 23.
946 4701 1209 4766 1211121141.)

250 4811 438 4872 membran.
468 4827 556 4872 saec·
585 4808 672 4872 XIV
690 4810 735 4872 in.
747 4808 793 4892 ff
818 4808 884 4872 125
904 4826 1006 4885 uuna,
1029 4809 1108 4872 295
1122 4809 1161 4888 ><
1177 4808 1220 4871 22
1244 4825 1307 4871 cm.
1332 4809 1363 4870 d.
1387 4827 1430 4870 m.

356 4931 492 5012 Aegidii
523 4932 565 4994 de
595 4931 768 4996 Columna
797 4931 947 4994 Romani
978 4929 1223 4995 Extractiones
1246 4947 1353 5010 super
1375 4936 1526 5008 quatuor
1546 4930 1655 4992 libros

250 5019 518 5082 Sententiarum.

357 5105 377 5168 i.
405 5106 486 5167 1-2
511 5104 604 5185 Opus
628 5108 724 5168 scribi
747 5111 902 5184 coeptum
928 5105 987 5166 sed
1011 5109 1244 5166 intermissum.

925 5329 972 5379 251
