4048 6012
1019 555 1082 616 288

464 765 486 826 i.
514 761 591 826 166⁸>
615 763 793 842 »Epistola
814 762 1117 826 Borovanensium
1139 761 1183 823 ad
1194 760 1377 838 quendam
1394 765 1434 822 at
1451 762 1542 840 apud
1558 779 1675 841 regem
1690 780 1753 840 pro

357 851 410 914 eis
433 852 642 914 intercedat«
669 851 877 929 (Exemplum
901 853 1061 910 literarum
1086 853 1259 928 praepositi
1283 854 1423 910 monast.
1447 848 1691 911 Rorovanensis
1712 849 1754 910 ad

359 943 550 1017 episcopum
585 939 768 999 iohannem
803 936 1077 997 Waradinensem
1117 953 1193 996 esse
1231 935 1366 1003 videtur,
1405 941 1441 996 ut
1476 938 1550 996 villa
1579 935 1755 1016 Borovany

353 1026 510 1104 oppidum
533 1029 680 1099 creetur).

460 1129 479 1191 1.
508 1128 678 1190 169--170
700 1127 867 1190 Smlouva
889 1145 910 1190 0
934 1121 1079 1188 smiienr'
1100 1117 1257 1186 Praiaai'r
1280 1120 1448 1188 ekrdlem
1463 1125 1700 1189 vladislavem
1716 1127 1755 1189 11.

353 1234 379 1278 r.
407 1215 489 1277 1484
511 1221 635 1290 (srovn.
659 1215 787 1276 Tornek
811 1215 851 1288 X,
873 1214 937 1288 64).

455 1385 538 1468 288
973 1387 1003 1460 I.
1034 1387 1078 1461 G.
1107 1386 1168 1460 12.

358 1530 466 1590 chori.
489 1546 576 1590 saec.
601 1527 670 1590 XV
684 1528 724 1610 ff.
748 1526 809 1589 281
834 1545 939 1600 num„
961 1525 1138 1588 22><14·5
1157 1545 1219 1588 cm.
1244 1529 1274 1586 d.
1298 1545 1342 1586 m.

487 1702 491 1712 .
515 1647 632 1710 1-624
646 1649 784 1729 ‹Cyrilli
799 1647 920 1727 episc.)
943 1647 1240 1727 »Quadripertitus
1255 1648 1511 1726 apologeticus«
1530 1648 1757 1723 (Adumbratio

352 1739 374 1797 4
407 1741 559 1798 virtutum
584 1738 793 1798 cardinalium
818 1754 875 1816 per
897 1736 1024 1796 fabulas
1041 1736 1246 1814 Aesopicas).
1270 1733 1479 1796 »Secundum
1496 1737 1667 1797 Aristotilis
1684 1754 1756 1798 sen-

364 1829 502 1884 tenciam
528 1829 557 1884 in
584 1823 882 1902 probleumatibus«
909 1823 942 1880 >i
969 1821 1027 1882 ›Et
1052 1826 1098 1882 sic
1122 1823 1325 1883 concluditur
1355 1821 1615 1902 Quadripertitus
1638 1824 1757 1902 Apolo-

351 1915 506 1988 geticus«

464 2014 484 2075 f.
512 2013 694 2075 ror—100⁸
720 2012 877 2090 (anepigr.)
900 2011 1132 2092 Quaestiones
1163 2012 1204 2072 de
1238 2012 1269 2072 b.
1292 2012 1427 2090 virgine
1448 2012 1568 2074 Maria
1615 2013 1758 2074 »Missus

366 2107 417 2162 est
438 2103 574 2179 angelus
599 2100 674 2162 Luc.
703 2102 714 2162 l
743 2101 782 2160 de
808 2105 951 2177 tempore
986 2103 1153 2159 missionis
1187 2100 1337 2160 videlicet
1369 2104 1401 2160 in
1436 2117 1550 2161 mense
1585 2105 1699 2162 sexto«
1727 2103 1758 2156 ><

369 2187 467 2248 »ltem
491 2189 757 2248 benediccionem
782 2188 925 2247 similiter
947 2187 1060 2246 habuit
1094 2188 1257 2264 triplicem,
1292 2187 1441 2248 uidelicet
1474 2188 1758 2266 comprehensoris

368 2275 591 2335 substanciam
618 2275 831 2353 redemptoris
855 2279 886 2332 et
909 2276 1071 2334 creatoris,
1096 2271 1183 2332 Finis
1207 2273 1302 2332 adest
1324 2277 1431 2351 operis
1455 2279 1534 2336 etc«

466 2395 486 2456 i.
515 2392 717 2457 1014-1154
751 2398 909 2469 (anepigr.)
953 2393 1137 2455 Rhetorica
1168 2410 1247 2456 cum
1278 2393 1409 2471 aliquot
1431 2393 1591 2457 formulis
1615 2395 1760 2458 Wence·

365 2482 431 2544 slai
453 2481 497 2543 1v
521 2487 623 2560 regis.
648 2481 837 2559 (Dimidium
862 2481 914 2541 iol.
939 2481 1055 2542 initiale
1080 2481 1229 2541 evulsum
1253 2483 1327 2554 est).

469 2603 489 2664 1.
519 2599 594 2664 1164
622 2603 731 2664 »Bone
754 2603 859 2668 irater,
884 2619 950 2663 non
974 2606 1148 2680 imputetis
1173 2601 1348 2681 Exemplar
1382 2611 1457 2682 post
1487 2605 1603 2664 horum
1637 2603 1759 2666 finicio·

366 2707 442 2752 nem
466 2693 543 2751 mihi
567 2695 618 2750 est
640 2692 793 2758 ablatum,
818 2696 849 2750 et
873 2694 920 2749 sic
943 2689 1038 2749 vobis
1062 2689 1164 2766 dirigo
1188 2691 1363 2767 plenariam
1398 2695 1496 2751 vestri
1520 2695 1629 2770 scripti
1652 2708 1759 2770 repor-

363 2782 524 2838 tacionem
549 2778 755 2855 presentibus
778 2781 809 2838 in
834 2780 990 2854 scriptis«
1024 2775 1204 2854 (Quorsum
1229 2777 1310 2837 haec
1333 2783 1411 2838 nota
1434 2782 1599 2856 pertineat,
1624 2777 1759 2838 dubium

358 2869 431 2938 est).

466 2968 486 3028 i.
516 2967 591 3029 1174
615 2966 719 3028 Notae
742 2971 859 3042 variae,
882 2972 915 3028 in
939 2968 1058 3046 quibus
1081 2969 1204 3046 aliquot
1225 2968 1386 3028 vocabula
1410 2967 1596 3029 bohemica:
1633 2973 1760 3029 »scatu-

365 3060 423 3116 rire
447 3058 598 3129 hemzati,
622 3059 726 3134 erupit
747 3056 910 3133 wypuczil
935 3071 981 3126 se,
1006 3054 1145 3114 fullones
1170 3055 1328 3132 pradlczi‹
1356 3061 1415 3117 etc.

461 3159 481 3220 1.
511 3158 570 3219 118
595 3156 802 3218 Tractatulus
827 3157 867 3217 de
890 3161 1074 3235 cognitione
1098 3159 1158 3218 dei.

468 3263 487 3324 i.
518 3262 628 3323 1194-
645 3261 720 3322 1294
745 3261 959 3331 (Wenceslai
997 3261 1118 3324 decani
1140 3261 1364 3341 Pragensisi)
1387 3261 1605 3324 Tractatulus
1635 3264 1677 3324 de
1710 3279 1761 3324 re-

369 3349 611 3411 stitutionibus
635 3349 805 3410 bonorum
829 3347 1032 3410 alienorum.
1060 3347 1206 3427 »Legitur
1229 3355 1260 3410 in
1285 3351 1452 3427 evangelio
1477 3347 1562 3410 Luce
1590 3349 1628 3410 19
1644 3351 1685 3410 de
1702 3349 1761 3412 Za·

369 3435 469 3497 cheb«
496 3438 524 3494 ><
555 3433 717 3497 »LXXVII
741 3435 814 3496 dist.
848 3433 1043 3514 Jejunium«.
1079 3437 1129 3495 Ad
1165 3438 1287 3496 calcem
1321 3435 1342 3496 l.
1381 3435 1454 3496 119·
1487 3442 1632 3498 notatur:
1670 3435 1761 3498 »Hoc

368 3522 600 3585 Wenceslaus
624 3524 777 3584 decanus
800 3519 986 3599 Pragensis
1010 3539 1110 3583 manu
1133 3528 1292 3602 propria·
1318 3523 1395 3584 Ideo
1419 3527 1575 3584 incertum
1599 3530 1659 3597 est,
1694 3523 1762 3584 iue-

364 3614 443 3670 ritne
467 3616 580 3671 auctor
602 3627 643 3669 an
668 3609 774 3669 scriba
796 3609 847 3668 hic
870 3607 922 3670 W.

468 3729 488 3792 1.
518 3726 722 3791 1300-18212
746 3732 948 3804 (Inscriptim)
984 3729 1055 3790 »Ex
1084 3727 1254 3792 Florem«.
1281 3729 1518 3793 Auctoritates
1547 3731 1764 3810 theologicae

366 3816 583 3895 alphabetice
618 3815 819 3893 dispositae.
861 3816 1075 3877 »Absolucim
1113 3817 1145 3874 ><
1185 3822 1381 3896 »ypocrisis«
1419 3819 1494 3892 (sed
1530 3835 1632 3879 voces
1666 3822 1759 3898 incip.

365 3923 386 3965 a
408 3909 462 3965 litt.
487 3902 586 3963 F-X
609 3901 855 3981 desiderantur).

470 4024 490 4087 i.
520 4023 721 4086 1834-1974
745 4027 903 4100 (anepigr.)
925 4023 1093 4086 Matthaei
1115 4025 1158 4087 de
1191 4025 1362 4088 Cracovia
1390 4023 1573 4088 Tractatus
1603 4025 1645 4088 de
1675 4025 1761 4088 cele·

369 4111 500 4174 brando
524 4117 559 4172 et
582 4111 871 4172 communicando
895 4111 1098 4190 (›quom0do
1123 4129 1159 4172 se
1182 4113 1301 4174 habere
1333 4113 1473 4174 debeant
1495 4114 1598 4174 clerici
1625 4118 1658 4174 et
1679 4114 1762 4192 layci

368 4203 400 4260 in
424 4200 481 4260 cei.
506 4203 539 4258 et
560 4201 682 4272 com«)
708 4195 903 4258 »Multorum
927 4204 992 4259 tam
1017 4201 1206 4260 clericorum
1230 4216 1327 4279 quam
1351 4199 1519 4278 laycorum
1543 4199 1674 4278 querela
1690 4205 1760 4260 est«

367 4287 400 4343 ><
426 4286 609 4363 »adquam
634 4284 777 4363 quodam
802 4285 902 4345 modo
926 4301 984 4363 pro
1006 4289 1123 4346 viatico
1148 4285 1259 4347 datum
1294 4292 1345 4346 est
1378 4285 1474 4347 nobis
1509 4303 1629 4365 corpus
1664 4286 1693 4346 d.
1729 4303 1759 4347 n.

361 4371 440 4432 Jesu
464 4370 592 4446 Christi,
617 4375 671 4451 qui
694 4377 774 4433 etc.‹

464 4475 485 4536 i.
516 4474 719 4536 1984-2244
741 4473 940 4555 (iraetatus
961 4475 1210 4554 magistrorum
1246 4475 1489 4556 Prageasium)
1522 4475 1591 4539 »De
1626 4476 1761 4552 ritibus,

363 4561 522 4640 gestibus
544 4567 580 4624 et
601 4561 760 4624 vestibus
783 4577 904 4624 sacrae
926 4562 1058 4624 missae
1079 4563 1331 4626 observandis«
1362 4565 1533 4626 adversus
1563 4565 1763 4626 sacerdotes

364 4647 604 4711 Taborienses.
631 4648 787 4728 »Explicit
809 4667 838 4710 a.
863 4647 982 4728 (14)82
1003 4649 1055 4710 die
1078 4649 1277 4730 ieronymi«
1325 4651 1397 4725 (Ed.
1433 4651 1545 4712 Hdiler
1579 4655 1611 4712 in
1642 4650 1761 4714 Chron.

364 4733 485 4797 Tabor.
508 4769 552 4780 --
575 4735 689 4814 Script.
714 4753 772 4798 rer.
796 4736 870 4797 hue.
894 4735 928 4810 IL
952 4735 1148 4812 502-545).

465 4839 485 4900 i.
512 4835 716 4900 225t-235b
742 4839 920 4902 »Historia
940 4839 1074 4918 Joseph
1098 4841 1270 4904 translata
1299 4841 1343 4904 de
1371 4841 1510 4904 arabico
1543 4841 1580 4904 in
1615 4841 1764 4904 latinum

363 4943 427 5004 per
448 4925 526 4988 irat.
549 4925 756 4988 Aliensium
778 4926 820 4988 de
842 4925 1025 5004 Hispania,
1050 4943 1149 5006 quarn
1173 4933 1304 5007 scripsit
1336 4933 1368 4990 in
1401 4928 1518 5008 Egipto
1552 4934 1698 4992 existens
1731 4933 1763 4991 in

364 5029 493 5074 carcere
518 5012 654 5075 Zoldani
677 5014 717 5074 de
741 5031 768 5075 a.
795 5014 825 5074 d.
854 5013 964 5074 1438.«
1172 5013 1173 5017 ’

1039 5239 1087 5288 126
