3990 6012
1052 541 1132 604 1007

496 746 516 808 l.
540 743 704 809 93b-94·
726 745 851 809 Kdzani
874 765 895 809 o
918 749 1132 812 uanebevzeti
1155 769 1185 831 p.
1209 751 1309 815 Marte
1333 752 1458 828 (necele
1474 773 1494 816 a
1511 758 1616 819 rukou
1632 760 1791 820 mnohem

386 828 503 896 mladsi
526 831 698 913 vepsane').

494 919 514 982 l.
539 915 724 982 95⁸-168b
744 919 850 982 Alani
884 921 926 984 de
959 921 1089 986 insulis
1127 923 1309 988 tractatus
1350 927 1392 990 de
1433 933 1508 991 arte
1548 931 1785 1008 praedicandi.

387 1005 492 1069 »Vidit
514 1006 616 1069 Jacob
641 1007 784 1069 scolam«
810 1007 843 1065 ><
870 1015 921 1070 »et
943 1014 1033 1088 regni
1065 1015 1136 1072 eius
1170 1029 1237 1074 non
1271 1016 1330 1073 erit
1363 1013 1448 1077 linis.
1494 1015 1536 1077 Et
1568 1021 1614 1078 sic
1649 1018 1791 1080 babetur

382 1093 459 1156 linis
483 1100 639 1156 tractatus
661 1093 705 1154 M.
729 1094 824 1155 Alani
848 1095 889 1156 de
912 1101 980 1157 arte
1004 1097 1201 1175 predicandi,
1225 1097 1337 1160 linitus
1361 1104 1393 1161 in
1416 1109 1534 1164 octava
1558 1120 1584 1163 s
1608 1103 1787 1167 Kathetine

382 1179 924 1346 vrer.f·a.16194·4-5.l«92b(rum)
972 1269 1054 1331 »Iste
1092 1277 1170 1332 sunt
1210 1269 1301 1333 Vere
1342 1275 1569 1338 auctoritates
1599 1275 1786 1355 utriusque

380 1354 520 1433 speciei.
545 1354 708 1417 Dominus
732 1359 763 1415 et
786 1355 930 1416 salvator
951 1356 1045 1417 dicit«
1072 1358 1105 1415 ><
1131 1375 1192 1418 »ex
1215 1358 1323 1438 aliqua
1347 1366 1437 1438 parte
1461 1367 1531 1423 sui«
1557 1362 1647 1441 (linis
1663 1363 1782 1437 deest).

487 1441 508 1502 i.
537 1437 740 1503 193·--209δ
762 1440 950 1504 Sermones
974 1442 1106 1521 aliquot
1129 1444 1310 1507 bohemico
1331 1445 1495 1524 glossati:
1532 1467 1631 1528 super
1657 1449 1781 1512 »Bene-

378 1527 466 1590 dicat
487 1545 551 1590 nos
574 1529 676 1590 deus«
702 1532 826 1602 (sermo
849 1533 883 1590 in
906 1528 1107 1591 discedendo
1130 1531 1285 1606 habitus),
1327 1531 1457 1596 »Sancti
1491 1553 1548 1613 per
1569 1536 1669 1597 iidem
1694 1542 1782 1598 vice-

377 1621 484 1690 runt«,
508 1609 755 1698 emomdossde
779 1631 805 1676 s.
830 1632 937 1689 cruce,
963 1615 1112 1678 »Zachee
1136 1617 1297 1680 festinans
1321 1619 1519 1694 descende«,
1544 1622 1584 1683 de
1600 1629 1780 1702 assumpti-

376 1719 439 1763 one
464 1703 494 1762 b.
518 1705 660 1782 vlrginis.
685 1701 826 1777 (Primus
848 1700 1022 1765 Johannis
1043 1702 1121 1765 Hus
1145 1721 1221 1766 esse
1244 1705 1397 1781 videtur.)

479 1808 625 1883 Operculo
648 1825 744 1882 super.
757 1809 918 1880 adligatum
941 1817 985 1866 est
1007 1810 1199 1882 fragmentum
1222 1815 1342 1869 membr.
1365 1813 1549 1870 instrumenti
1571 1816 1652 1886 publ.
1679 1825 1778 1873 notar.

374 1899 411 1952 de
433 1901 620 1968 procuratore
643 1899 673 1952 in
696 1898 824 1968 quadam
848 1911 940 1952 causa
962 1897 1096 1954 instituto
1120 1915 1147 1954 a.
1175 1897 1213 1954 14
1232 1943 1240 1958 .
1260 1945 1265 1958 .
1289 1901 1345 1954 sub
1375 1898 1530 1957 Bonilacio
1553 1918 1631 1974 papa
1652 1901 1702 1961 IX.
1729 1903 1775 1960 ct.

372 1977 499 2039 vistnlk
522 1966 553 2041 c.
577 1983 613 2042 A.
642 1982 723 2040 1899
746 2001 775 2056 p.
800 1983 873 2039 356.

477 2152 578 2235 1007
840 2151 879 2226 V.
916 2151 966 2228 H.
993 2152 1114 2233 datr.
1132 2167 1182 2220 ιιι.
1201 2171 1331 2235 tasi.)

369 2294 477 2358 chart.
500 2309 589 2356 saec.
612 2291 683 2355 XV
691 2290 741 2371 ff.
766 2293 817 2370 75,
839 2293 917 2354 215
928 2293 1017 2354 ><15
1036 2309 1099 2354 cm.
1123 2294 1154 2354 d.
1177 2312 1223 2355 m.

368 2415 572 2480 Aristotelis
601 2413 788 2494 Analytica
815 2413 934 2491 priora
963 2419 998 2474 et
1019 2414 1218 2492 posteriore
1239 2431 1320 2477 cum
1342 2415 1437 2479 notis
1460 2415 1710 2494 marginalibus
1734 2425 1772 2481 et

775 2499 1039 2578 quaestionibus
1062 2501 1367 2579 subsequentibus.

471 2592 574 2649 Codex
598 2607 701 2649 carens
723 2591 808 2648 initio
831 2596 859 2645 et
881 2590 949 2661 line,
972 2591 1058 2647 cuius
1081 2593 1225 2664 opuscula
1247 2593 1277 2648 in
1300 2594 1437 2666 operculo
1450 2609 1548 2666 super.
1572 2611 1661 2650 manu
1686 2611 1768 2654 saec.

365 2678 421 2736 XV
444 2683 585 2736 adnotata
608 2695 715 2750 magna
737 2694 774 2733 ex
796 2683 876 2750 parte
900 2693 979 2733 nunc
1002 2678 1212 2735 desiderantur.

468 2847 569 2930 1000
848 2846 890 2921 V.
919 2843 969 2921 H.
996 2845 1058 2921 31.
1073 2861 1116 2926 (r.
1129 2861 1182 2914 m.
1201 2867 1225 2915 4.
1244 2878 1271 2915 n.
1290 2864 1345 2928 a.)

362 2990 470 3056 chart.
493 3005 579 3052 saec.
602 2987 660 3050 XI
662 2985 692 3047 V
699 2984 749 3065 ff
772 2987 826 3062 86,
848 2987 891 3048 22
902 2987 936 3044 ><
947 2987 992 3048 15
1011 3003 1074 3047 cm.
1098 2987 1130 3048 d.
1154 3005 1200 3050 m.

468 3112 488 3172 i.
517 3105 653 3172 1¹-66b
675 3107 809 3172 Alberti
831 3110 873 3171 de
896 3108 1050 3172 Saxonia
1072 3108 1304 3187 sophismata.
1346 3110 1437 3172 »Deo
1461 3111 1589 3172 invente
1613 3116 1761 3173 conscri-

361 3200 436 3260 bam
462 3199 685 3278 sophismata«
711 3198 744 3256 ><
770 3200 897 3258 »omnis
927 3196 1028 3258 homo
1059 3201 1110 3257 est
1141 3202 1250 3259 omnis
1283 3199 1413 3259 homo«
1461 3201 1544 3272 (Post
1575 3204 1763 3272 registrum)

361 3285 422 3347 »Et
444 3290 491 3348 sic
514 3293 566 3346 est
588 3284 663 3346 linis
687 3287 811 3363 registri
835 3283 1076 3362 sophismatum
1105 3288 1137 3345 in
1172 3284 1236 3347 hoc
1266 3290 1403 3345 tractatu
1438 3288 1629 3363 positorum,
1664 3291 1697 3345 et
1730 3289 1760 3345 si

358 3376 431 3452 quis
454 3373 529 3434 velit
550 3372 661 3432 videre
684 3372 890 3448 sophismata
912 3367 1098 3441 difficiliora,
1132 3371 1241 3433 videat
1268 3377 1438 3432 tractatum
1462 3372 1503 3433 de
1526 3372 1755 3432 insolubilibus

356 3465 389 3520 et
410 3459 618 3539 obligatoriis,
657 3474 755 3538 quem
778 3457 858 3518 alias
882 3457 1040 3535 descripsi
1071 3462 1103 3518 et
1135 3461 1278 3519 inveniet
1312 3459 1517 3536 sophismata
1547 3455 1753 3519 difficiliora«

355 3549 437 3620 (Alia
459 3551 580 3621 manuz)
606 3543 811 3623 »Expliciunt
833 3544 1038 3622 sophismata
1059 3542 1147 3620 Mag.
1171 3544 1321 3605 Alberti.«

461 3650 481 3711 l.
505 3648 670 3711 672-74·
694 3647 886 3726 »Fergbrey
914 3645 1096 3709 Tractatus
1120 3647 1483 3725 consequentiarum«
1521 3645 1757 3727 »Consequen-

352 3741 474 3798 ciarum
498 3741 627 3817 questio
651 3741 702 3796 est
725 3737 830 3796 bona«
857 3735 890 3792 ><
915 3739 1023 3812 »patet
1045 3736 1171 3796 solucio
1195 3734 1341 3796 secunde
1365 3739 1613 3813 consequencie
1629 3735 1754 3797 etalio-

352 3840 422 3886 rum
447 3828 690 3903 promissarum.
714 3821 756 3882 Et
778 3825 825 3882 sic
849 3826 900 3880 est
922 3819 1025 3881 linis«
1062 3819 1268 3900 »Expliciunt
1290 3825 1532 3902 consequentis
1556 3819 1749 3902 Fergbrey.«

454 3928 474 3990 l.
499 3926 662 3988 740-75α
684 3927 843 4001 (anepigr.)
865 3921 969 3985 Notae
992 3925 1033 3986 de
1057 3929 1202 3987 terminis
1225 3931 1257 3986 et
1279 3927 1573 4004 suppositionibus.

452 4032 474 4094 l.
498 4026 654 4093 76¹-80t
676 4028 858 4092 Tractatus
881 4031 1114 4091 secundarum
1137 4028 1372 4092 intentionum
1403 4032 1521 4103 (carens
1552 4033 1645 4105 initio,
1679 4050 1750 4090 nam

348 4123 450 4194 incipit
473 4139 491 4177 a
512 4138 577 4194 cap.
603 4117 653 4196 22)
679 4115 784 4196 »Quia
806 4115 927 4194 pluries
950 4121 1095 4195 oportet«
1122 4115 1162 4194 ><
1190 4117 1377 4178 »consimile
1410 4117 1450 4176 de
1474 4117 1747 4178 antecedentibus

348 4211 399 4266 est
421 4205 626 4266 dicendum«

450 4311 471 4371 l.
495 4305 658 4371 tob-84¹³
691 4306 849 4388 (anepigr.)
878 4305 1052 4369 Tractatus
1084 4306 1125 4367 de
1160 4307 1443 4386 descriptionibus
1480 4306 1746 4368 distinctionibus

344 4397 620 4476 propositionibus
643 4399 675 4456 in
697 4394 763 4457 line
786 4411 935 4456 mancus.
962 4393 1169 4473 »Descripcio
1193 4399 1244 4455 est
1267 4410 1376 4456 sermo
1399 4393 1675 4471 compendiosum
1704 4394 1743 4470 )<

346 4489 397 4544 »et
419 4489 553 4544 econtre
575 4488 690 4561 quarto
713 4487 802 4560 patet
825 4499 866 4544 ex
889 4483 962 4554 biis,
985 4481 1076 4560 quod
1099 4485 1354 4542 conversiones«
1381 4479 1505 4558 (cetera
1531 4479 1676 4558 desunt).

449 4569 470 4630 f.
494 4565 656 4631 g4n-g5s
679 4565 784 4630 Notae
808 4568 848 4628 de
872 4569 1083 4646 syllogismis.

450 4657 470 4718 l.
494 4653 553 4718 86b
576 4654 767 4717 Rundellus
790 4672 869 4716 cum
899 4653 992 4717 notis
1027 4653 1188 4716 musicis:
1238 4651 1336 4716 »Flos
1372 4651 1498 4715 florum
1530 4651 1623 4714 inter
1654 4651 1740 4726 lilia,

339 4748 393 4823 qui
417 4747 540 4823 spernit
562 4743 676 4804 mundi
698 4743 783 4815 vilia,
808 4746 970 4803 senatoris
993 4747 1078 4812 nata,
1103 4757 1168 4819 que
1191 4741 1308 4812 letaris,
1332 4756 1407 4801 cum
1431 4739 1473 4800 ab
1496 4742 1569 4818 ipso
1591 4739 1740 4800 adoraris

337 4836 370 4893 in
394 4832 451 4892 celi
476 4831 621 4910 pallacio.
644 4827 755 4890 Tenor
778 4829 876 4889 huius
899 4829 1079 4906 pulcerrimi
1103 4827 1238 4888 rundelli
1261 4827 1323 4887 ach
1347 4827 1392 4887 du
1414 4833 1548 4905 getruys
1581 4826 1650 4887 blut
1671 4843 1740 4887 von

337 4918 434 4980 alden
457 4917 548 4978 soln«
575 4915 651 4995 (sic)
678 4915 796 4977 »Fratri
820 4931 883 4976 suo
906 4914 1081 4994 predilecto
1103 4917 1214 4975 notavi
1237 4914 1325 4974 hunc
1348 4913 1530 4974 rundellum
1554 4916 1586 4974 in
1609 4928 1736 4974 memo·

337 5009 416 5066 riam
439 5003 673 5066 iratemitatis.«

1009 5222 1061 5273 420
