3938 6010
1042 565 1124 628 1264

487 767 592 849 1264
962 770 1049 848 VII.
1079 769 1115 848 C.
1140 771 1204 850 21.

381 908 571 970 membran.
594 927 681 971 saec.
705 908 763 972 XI
766 908 871 972 V-X
874 909 903 970 V
911 909 962 990 ff.
984 911 1058 987 103,
1080 911 1124 974 30
1138 913 1176 990 ><
1189 912 1233 974 22
1247 929 1312 974 cm.
1335 912 1424 1010 17²²·
1448 930 1526 976 cum
1548 913 1621 976 init.
1640 913 1717 995 pict.

381 1029 435 1092 Fr.
459 1030 611 1093 Thomas
643 1031 858 1106 (Guallensis
881 1049 945 1095 seu
968 1033 1175 1108 wallensis)
1209 1033 1345 1112 Anglici
1375 1035 1449 1096 ord.
1472 1037 1589 1112 praed.
1617 1035 1780 1098 »Lectura

533 1117 742 1196 sollempnis
766 1136 873 1198 super
895 1119 1022 1181 librum
1045 1121 1076 1182 b.
1099 1120 1287 1199 Augustini
1310 1121 1353 1183 de
1376 1121 1520 1183 civitate
1543 1121 1628 1184 dei«

488 1239 509 1302 1.
537 1241 572 1301 11
597 1239 773 1302 »Fluminis
796 1245 938 1320 impetus
962 1241 1092 1302 letificat
1114 1246 1295 1304 civitatem«
1314 1241 1378 1307 ><1.
1406 1241 1484 1304 1031
1508 1248 1778 1306 »resurreccionis

382 1326 488 1388 future
511 1327 556 1388 ad
577 1327 819 1405 beatitudinem,
843 1328 1008 1407 adquam
1032 1346 1095 1390 nos
1118 1329 1275 1408 perducat
1297 1333 1367 1408 ipse
1392 1331 1442 1391 dei
1466 1329 1561 1392 lilius
1586 1331 1721 1392 Amen«

487 1451 531 1508 Ex
554 1451 624 1509 bibl.
650 1452 765 1523 collegii
789 1452 820 1510 S.
844 1451 870 1507 J.
895 1451 1136 1512 Crumloviensis.

488 1655 590 1736 1265
967 1656 1049 1733 VII.
1078 1657 1114 1734 C.
1140 1658 1203 1734 22.

384 1797 492 1860 chart.
515 1815 548 1859 6.
572 1796 658 1859 1454
670 1796 719 1876 ff.
743 1799 816 1873 256,
839 1797 1069 1875 31)(21111.
1093 1801 1111 1860 1
1136 1817 1181 1862 m.

382 1918 556 1982 Lactantii
585 1917 753 1982 Firmiani
775 1919 1058 2068 Institutiongm·
1072 1919 1269 2068 divgnarum
1291 1920 1368 1983 libri
1392 1921 1460 1984 VII.
1507 1921 1675 1986 Eiusdem
1696 1923 1782 1986 liber

1006 2025 1025 2068 e
1048 2023 1100 2068 116
1146 2024 1188 2069 61.

488 2127 566 2188 Post
588 2133 759 2206 registrum
782 2127 802 2189 1.
828 2128 929 2189 256²:
957 2127 1114 2207 »Explicit
1136 2130 1214 2190 liber
1237 2129 1400 2191 Lactancii
1422 2129 1448 2191 F
1449 2135 1574 2192 irmiani
1596 2150 1625 2192 a.
1651 2132 1681 2193 d.
1700 2131 1781 2194 1454

385 2219 500 2294 quarta
521 2214 578 2275 161.
603 2220 679 2292 post
701 2217 908 2294 epiphaniam
933 2216 1086 2276 dominis

488 2339 519 2394 ln
543 2341 671 2411 margine
695 2339 714 2394 f.
742 2340 792 2396 111
819 2339 960 2411 »Collegii
985 2339 1015 2397 S.
1038 2339 1064 2399 J.
1089 2341 1224 2412 catalogo
1240 2341 1399 2412 inscriptus
1416 2359 1442 2400 a.
1463 2342 1552 2399 1690.
1588 2344 1778 2401 Commotovii

386 2427 414 2483 3.
438 2427 595 2497 Augusti«

491 2594 585 2675 1266
983 2594 1067 2672 VII.
1098 2594 1134 2672 C.
1161 2596 1224 2673 23.

385 2735 493 2798 chart.
516 2750 602 2796 saec.
626 2732 695 2795 XV
702 2733 749 2815 ff.
772 2733 846 2810 439,
868 2735 1017 2813 30><21
1043 2751 1105 2796 cm.
1129 2735 1161 2797 d.
1184 2753 1229 2796 m.

461 2855 719 2918 Bartholomaei
743 2855 784 2916 de
808 2854 982 2917 Glanvilla
1004 2853 1055 2917 De
1078 2855 1346 2933 proprietatibus
1379 2873 1496 2918 rerum
1518 2857 1598 2919 libri
1619 2855 1705 2919 XIX.

490 2977 511 3039 1.
539 2977 571 3037 11
599 2976 701 3040 »Cum
741 2981 954 3056 proprietates
989 2994 1096 3038 rerum
1136 2984 1316 3057 sequantur
1350 2979 1580 3041 substancias«
1607 2979 1682 3041 ><1.
1705 2977 1781 3040 436·

389 3071 444 3125 »ut
466 3069 575 3143 patere
599 3069 714 3142 poterit
737 3065 907 3143 diligencia
930 3068 1074 3126 intuenti.
1099 3063 1160 3124 Hic
1185 3067 1294 3125 linitus
1318 3070 1370 3126 est
1393 3066 1472 3126 liber
1487 3071 1715 3144 proprietatum
1734 3083 1780 3126 16-

386 3167 458 3212 rum
481 3168 501 3210 a
523 3150 752 3212 Bartholomeo
776 3150 872 3212 116116
895 3155 1057 3212 minorum
1081 3153 1320 3212 monachorum
1344 3151 1451 3213 editus
1475 3152 1664 3214 erfectus«

490 3253 510 3315 1.
534 3251 740 3316 teob-438²
763 3254 920 3334 (anepigr)
943 3254 1047 3316 Notae
1071 3255 1111 3315 de
1136 3261 1355 3317 monstruosis
1378 3257 1577 3318 hominibus.

490 3358 509 3420 1.
534 3357 598 3419 439
621 3357 705 3436 (sol.)
731 3358 916 3436 »Regimen
938 3358 1135 3420 curativum
1157 3364 1280 3421 contra
1302 3364 1485 3437 apostema
1496 3359 1585 3438 Mag.
1607 3361 1780 3422 Adalberti

387 3443 544 3522 episcopi
566 3444 863 3522 Ratisponensis.‹

490 3568 522 3624 ln
546 3570 685 3640 operculo
715 3571 797 3627 inser.
829 3571 903 3626 inter
926 3577 1012 3627 notas
1035 3571 1190 3626 historicas
1214 3573 1250 3625 ad
1288 3587 1313 3626 a.
1343 3571 1422 3626 1450
1446 3577 1474 3626 61
1499 3569 1580 3630 1452
1605 3579 1779 3642 spectantes,

385 3651 475 3731 (quas
498 3659 544 3711 ed.
568 3656 674 3723 Hdller,
699 3657 936 3714 Geschichtschr.
960 3657 995 3726 Π,
1020 3653 1084 3728 71),
1109 3657 1233 3713 occurrit
1256 3659 1344 3712 etiarn
1368 3665 1551 3726 annotatum,
1575 3659 1682 3713 librum
1704 3659 1781 3712 hunc

388 3758 455 3798 cum
477 3744 597 3814 postilla
619 3743 742 3816 Philippi
774 3746 809 3798 de
832 3743 932 3800 Monte
956 3745 1080 3800 Callerio
1105 3747 1204 3799 datum
1228 3759 1292 3798 esse
1316 3747 1494 3800 monasterio
1517 3745 1703 3802 Rudnicensi.
1737 3745 1780 3800 Ad

388 3845 443 3885 nos
465 3845 533 3885 vero
558 3831 652 3885 codex
676 3833 811 3902 provenit
840 3847 876 3886 ex
907 3833 1085 3887 monasterio
1107 3831 1296 3888 Tiebonensi.

493 4031 583 4112 1267
993 4033 1078 4109 VII.
1105 4033 1153 4108 D.
1181 4035 1216 4108 1.

388 4175 529 4236 membr.
551 4192 637 4236 saec.
661 4173 717 4237 XI
719 4173 750 4234 V
758 4173 805 4256 ff.
829 4174 903 4250 287,
927 4175 1076 4254 20><21
1102 4192 1165 4236 cm.
1190 4175 1220 4235 d.
1244 4192 1288 4235 m.

391 4295 608 4372 »Sermones
642 4297 701 4373 qui
734 4297 895 4359 dicuntur
928 4295 1117 4362 Rusticani.
1153 4297 1195 4358 de
1229 4297 1362 4358 sanctis
1397 4313 1458 4374 per
1480 4296 1649 4357 circulum
1671 4295 1781 4366 anni«,

389 4389 537 4444 carentes
559 4382 634 4444 fine.
659 4383 707 4462 (ln
730 4391 792 4445 cat.
817 4384 889 4444 cod.
914 4383 1043 4448 Monac.
1067 4389 1100 4444 et
1122 4383 1298 4445 viennens,
1324 4385 1418 4462 palat.
1445 4400 1617 4444 sermones
1633 4388 1684 4444 isti
1700 4382 1781 4443 attri-

390 4471 533 4532 buuntur
554 4469 742 4532 Bettholdo
765 4470 1012 4548 Ratisponensi
1034 4470 1106 4532 ord.
1131 4469 1229 4547 min.)

492 4574 512 4636 1.
537 4574 617 4636 2871
639 4574 836 4636 rubricatum
860 4581 927 4636 est:
969 4573 1082 4635 »Liber
1105 4579 1294 4635 monasterii
1318 4575 1438 4634 domus
1463 4590 1489 4634 s¹
1515 4571 1619 4650 Egidii
1653 4575 1780 4632 canoni·

389 4677 502 4722 corum
537 4663 731 4740 regularium
755 4667 786 4722 in
808 4660 972 4739 Vitignaw
995 4662 1075 4721 alias
1109 4665 1142 4721 16
1165 4659 1319 4721 Trzebon
1343 4666 1553 4738 comparatus
1578 4676 1634 4738 per
1657 4659 1779 4720 nobiles

390 4748 542 4810 dominos
566 4749 606 4808 de
630 4747 810 4809 Rosember
832 4751 907 4823 (sic)
931 4753 1053 4826 primos
1078 4749 1182 4826 ipsius
1207 4751 1394 4808 monasterii
1418 4746 1639 4807 fundatores«

492 4871 603 4928 Deinde
627 4889 653 4930 a.
681 4873 761 4929 1609
786 4875 881 4928 codex
905 4878 966 4927 6161
988 4873 1059 4929 bibl.
1083 4871 1324 4942 Rosenbergicae,
1348 4885 1385 4926 ex
1408 4887 1467 4940 qua
1489 4871 1640 4926 restitutus
1663 4877 1707 4925 est
1722 4883 1781 4924 mo·

390 4957 517 5014 nasterio
540 4959 679 5031 praelato.
726 4959 835 5028 Codex,
871 4965 903 5014 ut
937 4961 1023 5014 docet
1057 4964 1127 5014 nota
1160 4959 1191 5014 in
1225 4957 1361 5014 1166161.
1390 4958 1514 5026 11,1616
1539 4975 1564 5014 a.
1593 4955 1780 5014 1604111611-

390 5046 529 5107 luserat.

1063 5265 1114 5316 488
