4094 6016
1015 621 1075 682 461

432 821 523 903 -ffl
813 823 1313 910 matonam

349 961 456 1024 chart.
478 979 566 1026 saec.
588 960 676 1024 XIV
694 979 741 1028 ex.
763 963 801 1046 ff.
824 965 889 1028 143
911 985 1015 1044 rrum„
1036 967 1175 1032 30><21
1201 987 1264 1032 cm.
1288 971 1319 1032 d.
1343 991 1388 1036 m.

458 1086 545 1164 Mag.
568 1086 710 1149 Heanci
733 1087 776 1150 de
798 1085 890 1166 Oyta
912 1089 1146 1168 Quaestiones
1169 1091 1401 1172 Physieorunr
1423 1094 1635 1158 Aristotelis.

459 1189 480 1250 i.
504 1186 537 1250 a¹
564 1189 734 1270 »Queritur
755 1195 840 1252 circa
856 1196 993 1270 primum
1009 1195 1220 1273 physicorum
1241 1203 1357 1257 utrum.
1378 1197 1462 1276 Quia
1475 1203 1613 1277 primum
1626 1206 1753 1279 oportet

350 1279 534 1423 Krsutuere«
561 1281 592 1334 ><
615 1277 636 1338 i.
665 1274 741 1339 1401
778 1296 896 1359 »quam
927 1279 1111 1342 felicitatem
1142 1284 1238 1344 nobis
1270 1285 1431 1346 concedat
1460 1290 1562 1348 trinus
1598 1293 1630 1348 et
1652 1304 1751 1350 unus,

382 1379 488 1424 mem«

461 1467 480 1528 i.
509 1468 586 1528 1411
608 1465 693 1530 Nota
717 1469 757 1530 de
780 1473 864 1531 aere.

460 1570 481 1633 i.
509 1569 585 1633 1421
612 1572 814 1651 »Expliciunt
847 1577 1037 1652 questiones
1069 1583 1233 1638 accurrate
1268 1596 1325 1658 per
1348 1577 1397 1639 H«
1423 1583 1532 1654 (cetera
1555 1569 1760 1643 deleta'sunt.

351 1661 421 1717 Alia
442 1678 548 1718 manus
571 1665 653 1719 addit
666 1659 687 1737 :)
714 1677 816 1740 »mag.
842 1658 1029 1723 Bindanum
1055 1667 1142 1724 eccie
1161 1709 1169 1725 .
1187 1711 1195 1725 .
1216 1713 1223 1726 .
1243 1670 1293 1726 tur
1316 1664 1374 1740 (?)‹

462 1765 575 1823 Nomen
598 1767 725 1824 auctoris
748 1776 776 1824 et
798 1771 827 1825 In
851 1773 994 1828 schedula
1017 1755 1154 1844 operculo
1187 1787 1252 1844 sup.
1277 1773 1460 1844 adglutinata
1482 1781 1510 1830 et
1532 1775 1562 1830 ln
1586 1774 1679 1831 fronte
1702 1775 1753 1832 tol.

353 1852 416 1909 init.
441 1867 462 1912 a
484 1855 649 1911 mutilatum
679 1861 732 1912 est.
763 1855 883 1929 Utrique
914 1859 1052 1929 operculo
1084 1860 1195 1929 adglut.
1219 1865 1288 1916 sunt
1311 1859 1411 1931 fragm.
1437 1863 1557 1918 membr.
1582 1864 1648 1919 cod.
1673 1877 1753 1920 saec.

353 1937 431 2012 XIV,
456 1956 514 2011 quo
537 1942 727 2012 granunatica
749 1947 894 2016 quaedam
916 1945 1083 2001 versificata
1105 1947 1319 2002 continebatur.
1344 1946 1437 2004 Vetus
1461 1948 1537 2019 sign.
1562 1947 1596 2019 D,
1622 1951 1650 2008 9.

360 2095 368 2115 ⁶
459 2126 543 2209 462
803 2129 875 2204 III.
907 2131 951 2206 D.
981 2131 1040 2206 IO.
1070 2147 1114 2210 (r.
1139 2147 1160 2198 r.
1183 2149 1211 2204 a
1229 2163 1254 2199 n.
1273 2149 1326 2208 rar

356 2268 464 2332 chart.
486 2283 574 2330 saec.
597 2266 665 2330 XV
684 2285 730 2330 ex.
750 2267 789 2350 ff.
812 2269 887 2348 229,
909 2271 1051 2334 29><22
1074 2289 1137 2334 cm.
1160 2271 1179 2334 1
1205 2291 1249 2334 m.

463 2391 758 2469 Antiphonarium
781 2392 875 2454 notIs
897 2392 1041 2455 musicis
1065 2391 1287 2456 instructum.
1393 2435 1394 2440 .

458 2495 478 2558 i.
503 2493 584 2558 2151
609 2493 722 2557 »Sorte
746 2512 962 2574 supernorum
987 2500 1125 2575 scriptor
1146 2497 1214 2558 libri
1238 2501 1392 2577 podatos,

608 2581 712 2644 Morte
736 2585 950 2661 malignonrm
974 2589 1083 2662 raptor
1104 2585 1171 2644 libri
1196 2588 1366 2646 moriator‹
1393 2583 1477 2664 (sic).

447 2685 486 2854 )i.
511 2683 591 2748 2291
617 2686 773 2765 »Explicit
791 2732 798 2748 .
819 2739 823 2749 .
846 2687 964 2749 ,imsel
987 2687 1028 2748 de
1051 2684 1145 2748 Novo
1168 2687 1251 2749 Foro
1274 2692 1307 2750 in
1331 2687 1379 2751 P.
1401 2739 1406 2751 .
1426 2736 1434 2752 .
1453 2707 1490 2750 a«
1506 2689 1626 2768 (cetera
1646 2693 1759 2752 excisa

359 2781 444 2834 sunt.

466 2879 618 2952 Operculis
641 2881 751 2952 adglut.
776 2887 845 2936 sunt
867 2881 968 2951 fragm.
992 2882 1111 2938 membr.
1135 2885 1291 2937 cuiusdam
1315 2884 1427 2939 codicis
1449 2882 1576 2954 liturgici
1601 2899 1678 2941 saec.
1692 2883 1758 2940 XIII

360 2969 499 3028 neumati.
523 2966 663 3023 CodIcem
686 2976 819 3022 nostrum
842 2983 953 3024 recens.
978 2967 1095 3036 Dreves
1121 2967 1258 3026 Cantion.
1282 2971 1401 3026 bohem.
1425 2987 1454 3042 p.
1478 2969 1530 3027 21.

464 3153 549 3237 463
811 3153 881 3229 III.
910 3154 958 3228 D.
986 3155 1046 3231 11.
1075 3169 1119 3235 ‹Y-
1145 3171 1165 3222 r.
1192 3171 1216 3224 r.
1235 3187 1260 3222 n.
1279 3171 1333 3237 rr.)

361 3297 469 3359 chart.
491 3313 578 3358 saec.
601 3293 688 3357 XIV
695 3294 741 3378 ff.
764 3295 839 3370 132,
862 3293 1039 3376 28><2r5
1060 3265 1123 3356 cra.
1147 3294 1179 3357 d.
1202 3312 1247 3356 m.

372 3477 383 3488 ,
469 3418 657 3481 Sermones
680 3415 907 3479 dominicales
929 3432 991 3492 per
1013 3415 1183 3479 circulum
1210 3415 1303 3477 anni.

469 3522 489 3584 1.
519 3527 552 3585 1²
578 3520 680 3584 »Cum
710 3523 1064 3600 appropinquaret...
1090 3517 1144 3582 Sic
1167 3521 1279 3581 scribit
1305 3521 1476 3599 apostolus
1499 3521 1543 3582 ad
1566 3519 1756 3582 Romanos«

363 3614 395 3670 ><
418 3610 438 3672 i.
468 3606 544 3671 1271
571 3625 666 3687 »ergo
700 3623 787 3669 unus
818 3613 868 3668 est
902 3607 1087 3684 redemptor
1110 3613 1142 3667 et
1164 3607 1351 3685 redempcio
1374 3612 1543 3688 utriusque
1567 3614 1599 3669 et
1621 3614 1759 3668 cetera«.

363 3696 551 3776 Sequuntur
573 3700 744 3774 pericopae
768 3695 1018 3772 evangeliorum.
1743 3695 1748 3710 '·

472 3803 624 3876 Operculis
648 3802 831 3872 adglutinata
854 3809 882 3857 et
906 3801 1035 3870 adligata
1057 3807 1127 3855 sunt
1150 3799 1312 3872 fragmenta
1335 3803 1489 3857 cuiusdam
1513 3802 1632 3860 membr.
1650 3801 1762 3858 codicis

363 3907 441 3948 saec.
464 3889 543 3960 XIV,
566 3905 624 3961 quo
637 3891 863 3946 commentarius
879 3887 909 3943 In
926 3903 1043 3943 carmen
1059 3889 1208 3959 quoddam
1224 3888 1441 3957 grammaticale
1457 3888 1619 3960 (Donatum
1629 3883 1652 3958 ἲ)
1669 3887 1764 3944 conti·

365 3981 497 4036 uebatur.
528 3975 648 4032 Ineunte
679 3991 757 4032 saec.
788 3973 843 4030 XV
874 3976 968 4031 codex
997 3979 1058 4030 erat
1088 3974 1243 4030 cuiusdam
1266 3974 1393 4045 piabant,
1418 3977 1520 4046 quiin
1543 3975 1560 4032 I.
1589 3967 1663 4031 1321
1686 3976 1765 4031 deci·

364 4070 478 4121 mantes
502 4064 558 4120 sibi
582 4063 612 4119 in
635 4063 802 4134 Rzyedhost
825 4063 985 4118 annotavit.

468 4249 556 4332 464
816 4247 886 4322 III.
915 4247 962 4322 D.
989 4245 1050 4321 12.
1080 4261 1124 4328 (Υ.
1149 4261 1170 4314 1.
1196 4263 1221 4314 r.
1239 4279 1266 4314 n.
1285 4263 1338 4324 ra.)

365 4397 472 4460 chart.
495 4409 582 4456 saec.
605 4390 692 4454 XIV
709 4407 756 4453 ex.
775 4389 815 4473 ff.
838 4389 913 4466 167,
935 4386 1077 4451 29><20
1099 4403 1162 4449 cm.
1187 4387 1218 4448 d.
1241 4405 1286 4448 m.

473 4513 622 4594 (Nicolai
645 4514 687 4575 de
709 4511 802 4587 Lira)
825 4509 1107 4573 Commentarius
1130 4508 1167 4570 tn
1191 4509 1359 4587 epistolas
1383 4511 1414 4573 b.
1430 4508 1528 4572 Pauli
1551 4517 1662 4588 apost.

473 4619 492 4679 i.
521 4619 552 4680 1·
587 4617 691 4679 »Ecce
715 4617 872 4693 descripsi
897 4615 951 4675 tibi
975 4630 1047 4674 eam
1076 4617 1245 4692 tripliciter,
1281 4613 1372 4676 Prov.
1396 4613 1494 4688 XXII,
1517 4613 1608 4692 quod
1629 4615 1766 4694 verbum

366 4707 406 4768 de
435 4708 597 4784 sapiencie
628 4705 852 4782 deseripcione
884 4701 1016 4762 dicitur«
1043 4701 1075 4756 ><
1099 4699 1118 4761 i.
1148 4697 1224 4762 1671
1258 4699 1487 4762 »confirmetur
1515 4705 1547 4762 in
1572 4705 1713 4780 presenti
1737 4707 1769 4762 et

365 4794 472 4855 tuturo
496 4797 660 4870 prestante
684 4791 771 4852 dom.
796 4793 910 4850 nostro
933 4786 960 4849 J.
985 4785 1071 4862 Chr,
1096 4790 1147 4847 cui
1171 4793 1222 4847 est
1245 4789 1351 4849 honor
1373 4793 1405 4848 et
1426 4787 1529 4866 gloria
1552 4791 1584 4848 in
1608 4805 1674 4848 sec.
1700 4804 1767 4850 sec.

364 4881 504 4941 Amen«

473 5003 505 5058 In
530 5003 578 5060 tol.
603 5002 732 5073 adligato
763 5003 855 5057 notati
883 5005 962 5068 sunt,
990 4999 1116 5072 »quibus
1140 4999 1300 5055 inhibenda
1323 5005 1367 5055 est
1390 5015 1476 5055 sacra
1498 4999 1697 5057 communio«
1734 4997 1767 5055 In

366 5093 468 5147 eodem
493 5090 543 5150 foi.
568 5105 654 5146 verso
679 5091 806 5145 occurrit
829 5089 953 5158 pretium
977 5087 1066 5142 libri:
1093 5101 1163 5157 »pro
1186 5083 1297 5140 XXXV
1320 5102 1382 5157 gr.-

1047 5307 1095 5356 182
