3974 6014
1052 567 1110 628 103

368 775 491 838 ·»Sicut
513 783 545 838 in
569 779 775 855 philosophia
798 783 907 837 motus
930 785 962 836 et
984 780 1198 853 operaciones
1222 772 1328 832 relerri
1356 781 1600 831 consueverunt
1634 771 1676 830 ad
1713 771 1776 831 lor-

378 881 469 924 mas‹
497 868 528 920 ><
555 863 711 942 »Explicit
723 869 878 924 tractatus
891 868 1091 941 peroptimus
1104 861 1144 921 de
1157 861 1357 920 discrecione
1371 859 1574 918 diversorum
1592 862 1775 934 spirituum,

377 951 496 1028 quibus
520 952 610 1010 multi
632 955 736 1010 eciam
759 951 920 1010 notabiles
943 954 975 1010 in
998 951 1138 1008 ecclesia
1161 947 1373 1023 decipiuntur,
1408 961 1482 1005 cum
1506 943 1676 1004 Iohannes
1699 962 1777 1022 apo-

378 1039 483 1097 stolus
505 1037 608 1097 dicat:
631 1035 705 1097 Non
728 1041 817 1096 omni
841 1040 964 1114 spiritui
988 1035 1133 1094 credas«

485 1127 605 1196 Utrique
627 1127 765 1198 operculo
789 1127 972 1196 adglutinata
995 1133 1064 1178 sunt
1088 1125 1206 1178 membr.
1231 1123 1280 1177 lol.
1306 1123 1500 1176 vetustiorum
1524 1121 1672 1188 codicum,
1707 1137 1782 1190 quo-

377 1230 440 1268 rum
464 1215 536 1267 alter
558 1221 619 1268 erat
641 1213 820 1268 Breviarium
845 1229 922 1268 saec.
948 1210 1025 1277 XIV,
1049 1212 1121 1264 alter
1143 1210 1299 1264 Sermones
1322 1210 1466 1277 quosdam
1491 1225 1570 1262 saec.
1595 1205 1662 1261 XIII
1685 1209 1781 1262 conti-

377 1301 473 1354 nebat.
498 1299 600 1354 Codex
622 1301 850 1370 primum(saec.
866 1298 936 1368 XV)
959 1305 1021 1352 erat
1041 1297 1210 1352 monasterii
1224 1295 1429 1359 Tiebonensis‚
1454 1295 1560 1349 deinde
1585 1294 1779 1349 bibliothecae

375 1385 616 1455 Rosenbergicae,
640 1403 676 1441 ex
698 1403 757 1457 qua
781 1393 906 1441 monast.
937 1384 1026 1456 praes.
1062 1385 1211 1438 restitutus
1234 1398 1301 1435 cum
1325 1383 1405 1435 libris
1428 1383 1558 1435 eiusdem
1582 1381 1721 1435 omnibus
1741 1383 1778 1434 ad

376 1489 433 1528 nos
455 1473 594 1543 pervenit.

482 1639 554 1720 103
992 1638 1021 1712 Ι.
1052 1636 1176 1712 012.

374 1781 484 1840 chart.
507 1797 595 1840 saec.
619 1777 688 1838 XV
695 1778 744 1860 ff.
767 1779 830 1840 261
856 1797 961 1850 num„
982 1777 1127 1839 31><22
1149 1795 1212 1838 cm.
1235 1777 1257 1838 2
1279 1795 1324 1837 m.

484 1901 504 1959 l.
533 1897 688 1960 1¹¹-lallb
707 1899 898 1978 (Iohannis
934 1898 1026 1976 Hus)
1060 1897 1322 1959 Lectionarium
1360 1897 1660 1975 quadragesimale
1698 1917 1778 1960 cum

374 1986 627 2068 commentario
649 1991 686 2047 et
708 1988 803 2048 notis
828 1985 1112 2047 interlinearibus
1135 1985 1256 2045 latinis
1280 1991 1315 2045 et
1337 1985 1469 2061 glossis
1492 1985 1688 2046 bohemicis
1714 1985 1754 2066 (C
1757 1987 1777 2046 l.

374 2069 512 2134 Vestnik
535 2071 571 2134 C.
597 2073 635 2133 Α.
664 2073 743 2133 1897
768 2092 798 2152 p.
823 2073 910 2150 472).

486 2157 715 2219 »immutemur
737 2161 848 2220 habitu
871 2165 904 2220 in
927 2163 1034 2219 cinere
1058 2166 1090 2218 et
1112 2160 1243 2218 cilicio«
1272 2161 1304 2214 ><
1328 2157 1481 2226 (Exarata
1505 2161 1653 2236 epistola,
1689 2177 1774 2238 quae

373 2247 488 2323 legitur
510 2246 565 2305 ier.
590 2244 613 2304 ll
639 2253 714 2322 post
737 2246 846 2318 Palm,
871 2247 978 2305 scriba
1001 2250 1087 2322 prior
1120 2262 1205 2321 opus
1239 2263 1337 2305 suum
1371 2248 1512 2305 absolvit
1546 2248 1597 2305 his
1632 2249 1774 2312 verbis:)

376 2332 425 2394 »O
448 2334 548 2392 lector
569 2337 639 2390 sive
662 2333 799 2404 auditor,
824 2337 850 2392 si
873 2334 981 2410 aliqua
1003 2336 1150 2392 invenies
1175 2335 1345 2392 intellectui
1370 2341 1425 2392 tuo
1450 2338 1639 2409 incongrua.
1663 2339 1772 2394 amici-

373 2423 458 2479 ciam
481 2425 623 2478 vestram
647 2436 856 2496 summopere
879 2435 969 2494 rog0‚
992 2424 1155 2495 quatenus
1189 2423 1351 2478 caritative
1387 2421 1562 2496 dignemini
1597 2419 1771 2481 reformare

373 2523 440 2566 non
463 2505 664 2564 detrahendo
688 2507 783 2565 michi
807 2521 846 2564 ac
870 2506 983 2564 honori
1008 2522 1082 2564 meo
1105 2511 1137 2563 et
1159 2513 1293 2564 cetera«

482 2591 502 2650 t.
531 2588 730 2650 1422-25tib
761 2590 950 2670 (Iohannis
983 2590 1075 2668 Hus)
1110 2591 1258 2652 Lectura
1287 2591 1329 2652 de
1360 2592 1495 2653 sanctis
1518 2592 1770 2672 (lectionarium

368 2673 518 2737 'sinuliter
539 2685 636 2754 atque
661 2679 862 2755 praecedens
886 2677 1100 2752 instructum).
1130 2675 1220 2738 »Non
1244 2690 1294 2737 est
1326 2681 1398 2737 talis
1429 2681 1542 2739 mulier
1578 2695 1678 2755 supra
1712 2687 1772 2740 ter-

372 2781 461 2824 ram«
487 2765 520 2820 ><
547 2762 745 2824 »Concidisti
769 2781 903 2823 saccum
928 2780 1037 2822 meum
1061 2771 1092 2822 et
1114 2768 1234 2822 circum
1259 2783 1310 2824 me
1335 2767 1446 2824 leticia.
1490 2766 1629 2844 Explicit
1652 2767 1773 2826 lectura

373 2851 414 2910 de
438 2855 561 2911 sanctis
585 2868 642 2928 per
663 2868 782 2910 manus
806 2857 837 2909 et
860 2867 926 2909 non
950 2867 1007 2926 per
1029 2847 1187 2927 pe[des].‹

460 2936 614 2996 lecturae
639 2938 842 3013 praecedenti
867 2941 1009 2995 insertus
1032 2943 1083 2995 est
1104 2936 1156 2996 iol.
1182 2936 1245 2996 255
1267 2938 1294 2998 ‹t-
1317 2937 1396 2997 256:

372 3021 494 3083 Sermo
517 3022 605 3100 Mag.
629 3021 826 3100 (Stephani)
851 3023 892 3083 de
915 3021 1037 3082 Palecz
1058 3022 1099 3082 de
1122 3025 1364 3100 assumptione
1398 3023 1433 3085 S.
1457 3025 1588 3088 Mariae
1611 3024 1773 3105 Virginis

976 3108 1013 3167 in
1035 3109 1167 3184 vigilia.

482 3195 501 3254 l.
526 3191 730 3254 2572-26112
748 3194 930 3256 Tractatus
954 3197 995 3254 de
1031 3211 1175 3271 corpore
1210 3195 1353 3258 Christi.
1403 3197 1562 3258 »Primum
1597 3203 1772 3278 principale

372 3286 464 3360 pn'mi
488 3284 616 3357 capituli
641 3283 776 3359 qualiter
798 3283 942 3341 humana
965 3285 1051 3340 racio
1081 3287 1250 3359 concipere
1275 3289 1397 3360 possit«
1418 3286 1450 3340 ><
1469 3293 1519 3345 »et
1535 3291 1612 3363 quia
1628 3293 1772 3349 maxime

371 3372 560 3428 nutn'tivum
584 3368 642 3427 luit
663 3375 696 3427 et
718 3373 765 3427 sic
790 3367 950 3440 Chn'stus,
974 3372 1029 3444 qui
1053 3375 1104 3426 est
1127 3369 1209 3428 deus
1233 3371 1425 3430 benedictus
1449 3376 1481 3432 in
1506 3375 1619 3432 secula
1642 3377 1770 3435 seculo-

371 3471 442 3514 rum
466 3454 581 3514 Amen.
606 3453 744 3531 Explicit
766 3459 921 3514 tractatus
944 3454 985 3513 de
1009 3471 1143 3531 corpore
1167 3454 1285 3516 Christi
1309 3459 1403 3517 valde
1428 3461 1514 3518 utilis
1538 3465 1569 3519 et
1584 3461 1671 3520 valet
1686 3462 1771 3521 bene

371 3547 404 3601 et
426 3547 534 3600 cetera
558 3558 615 3617 pro
640 3541 853 3618 simplicibus

477 3708 553 3790 1⁰4
990 3712 1018 3786 I.
1049 3710 1173 3786 013.

368 3852 477 3912 chart.
501 3869 534 3911 a.
559 3849 646 3910 1470
664 3849 704 3931 ff.
727 3850 792 3911 247
815 3869 920 3924 num„
944 3853 1084 3912 31><2r
1109 3871 1171 3912 cm.
1194 3853 1226 3914 d.
1252 3873 1295 3915 m.

474 3970 529 4032 Fr.
552 3969 710 4032 Simonis
733 3970 985 4033 Cremonensis
1008 3973 1076 4034 ord.
1101 3973 1184 4034 fratr.
1210 3981 1329 4035 eremit.
1362 3975 1394 4036 S.
1420 3979 1502 4056 Aug.
1538 3979 1636 4058 Opus
1671 3983 1771 4059 prae·

367 4058 516 4120 dicabile
539 4074 646 4134 super
667 4059 850 4131 evangelia
872 4059 1127 4120 dominicarum
1149 4061 1260 4121 totius
1283 4063 1378 4123 anni.

475 4143 495 4204 i,
524 4145 534 4203 l
567 4144 662 4222 ›[E]x
700 4143 971 4205 Cremonensium
1006 4147 1172 4222 spectabili
1208 4154 1359 4226 prosapia
1383 4154 1522 4212 oriundo
1546 4171 1609 4214 suo
1648 4156 1767 4216 dilecto

365 4248 522 4309 germano
546 4233 737 4308 presbytero
761 4232 926 4291 Anthonio
950 4232 1046 4291 trater
1069 4233 1100 4292 S.
1125 4231 1151 4294 C
1156 4259 1180 4293 .‹
1209 4237 1242 4291 ><
1265 4235 1284 4294 l.
1309 4235 1390 4295 233²
1427 4239 1618 4315 »ydolorum
1654 4245 1768 4303 mundi

366 4319 564 4394 decepcione
587 4317 663 4395 (sic)
687 4322 879 4377 resistamus
902 4335 979 4376 vera
1002 4324 1198 4379 contricione
1222 4321 1337 4382 Amen.
1363 4322 1403 4383 Et
1426 4330 1472 4384 sic
1498 4338 1549 4386 est
1571 4327 1647 4388 llnis
1669 4329 1768 4390 huius

366 4421 503 4482 Operis«

473 4490 493 4549 l.
518 4485 721 4548 234¹-2lrb
740 4487 867 4548 Tabula
888 4491 1092 4566 alphabetica
1126 4497 1340 4554 materiarum.
1382 4495 1537 4574 »Explicit
1568 4501 1680 4561 tabula
1703 4500 1764 4580 Sy-

365 4580 474 4637 monis
497 4576 538 4635 de
561 4574 725 4637 Cremona
748 4593 847 4652 super
869 4579 1056 4654 ewangeliis
1080 4587 1211 4638 exarata
1234 4597 1291 4656 per
1324 4598 1377 4641 me
1411 4582 1613 4647 Conradum
1649 4587 1769 4666 Kyber

365 4663 408 4723 de
428 4661 620 4723 Veldlrircb
643 4669 721 4722 tunc
745 4667 901 4738 temporis
925 4668 1143 4740 primissarius
1177 4665 1252 4741 (sic)
1286 4671 1318 4727 in
1353 4666 1474 4730 hlontis
1498 4671 1766 4735 Constantiensis

363 4749 498 4827 dyoces
524 4753 556 4808 in
579 4750 687 4826 vigilia
710 4747 928 4808 Bartholonrei
953 4753 1092 4827 apostoli
1121 4747 1232 4810 ltro«

472 4837 624 4909 Operculis
648 4839 811 4908 aglutinata
834 4847 903 4893 sunt
926 4839 1027 4908 fragm.
1052 4844 1170 4897 membr.
1195 4843 1362 4901 document.
1387 4862 1526 4914 german,
1540 4865 1667 4920 quorum
1682 4851 1766 4921 pn'us

363 4927 422 4982 dat.
447 4933 491 4979 est
519 4925 609 4982 1452.
645 4925 746 4978 Codex
770 4929 893 4995 primum
927 4926 996 4982 bibl.
1028 4927 1267 4997 Rosenbergicne,
1299 4933 1403 4986 deinde
1435 4943 1562 4992 monast.
1599 4935 1768 4993 'l'iebonen-

363 5016 405 5066 sis
429 5021 499 5068 erat.
