3974 6014
1545 618 1616 671 XVII

221 831 370 906 expressi
394 829 546 892 codicum
570 833 695 892 numeri
719 835 896 904 currentes,
919 831 962 892 ad
986 845 1071 908 quos
1095 835 1245 908 spectant
1263 829 1391 890 tabulae
1414 831 1512 892 huius
1535 835 1620 892 cata·

222 931 286 1010 logi
310 938 342 992 et
364 933 472 994 index.
520 931 669 1012 Quorum
700 949 911 996 numerorum
942 949 1008 1012 quo
1041 931 1165 994 facilior
1197 935 1239 993 sit
1272 937 1480 1012 conspectus,
1515 934 1621 996 ubivis

222 1035 406 1114 catalogum
429 1043 579 1098 nostrum
603 1037 773 1108 evolveris,
796 1052 969 1100 numerum
994 1037 1145 1115 descripti
1172 1036 1295 1098 codicis
1319 1037 1412 1115 primi
1434 1041 1467 1100 in
1491 1054 1622 1100 summa

224 1142 342 1216 pagina
365 1143 506 1214 sinistra,
530 1141 631 1201 ultimi
654 1145 686 1202 in
710 1157 842 1202 summa
864 1145 983 1220 pagina
999 1141 1112 1202 dextra
1128 1144 1282 1202 invenies
1308 1138 1460 1219 Sequitur
1481 1145 1620 1220 primum

223 1243 332 1304 litteris
355 1247 494 1306 cursivis
517 1244 691 1324 descriptio
715 1246 846 1306 habitus
870 1245 1021 1307 codicum
1052 1247 1174 1306 externi
1205 1243 1380 1321 (materiae,
1404 1249 1529 1319 aetatis
1560 1263 1622 1308 nu-

223 1349 301 1406 meri
325 1347 503 1409 altitudinis
529 1353 562 1408 et
583 1348 761 1412 latitudinis
777 1347 936 1422 foliorum,
961 1353 1041 1428 quot
1056 1350 1208 1410 manibus
1231 1353 1363 1421 exarati,
1387 1365 1466 1409 num
1490 1353 1622 1428 picturis

225 1453 328 1512 ornati
345 1446 465 1532 sint)³')
481 1457 514 1514 et
536 1452 666 1532 quidem
691 1457 778 1515 notis
801 1455 973 1527 tralaticiis,
998 1453 1115 1516 deinde
1138 1455 1248 1516 litteris
1272 1454 1449 1516 maioribus
1472 1459 1622 1516 accurate

227 1553 455 1616 describuntur
477 1573 586 1635 opera,
621 1572 705 1635 quae
729 1558 899 1620 codicibus
929 1562 1144 1633 continentur,
1175 1575 1251 1619 cum
1286 1562 1355 1618 suis
1389 1557 1539 1619 loliorum
1562 1573 1622 1619 nu-

223 1652 374 1730 meris.³⁴)
420 1657 566 1738 Quarum
591 1661 764 1724 litterarum
788 1666 821 1722 in
845 1661 1063 1722 describendo
1086 1665 1240 1741 usurpavi
1263 1661 1387 1723 formas
1410 1662 1511 1722 duas:
1535 1678 1623 1724 cras·

225 1763 365 1822 sion'bus
389 1769 541 1825 auctores
564 1770 596 1826 et
619 1766 697 1826 tituli
722 1781 857 1844 operum
882 1769 1013 1828 maioris
1037 1771 1202 1837 momenti,
1233 1769 1309 1826 item
1340 1766 1454 1826 librarii
1484 1771 1516 1827 et
1545 1769 1622 1828 anni

225 1869 387 1937 notantur,
414 1868 567 1928 tenuibus
590 1874 698 1930 cetera
720 1873 839 1940 omnia,
864 1873 952 1932 initia
974 1875 1006 1930 et
1027 1869 1112 1932 fines
1136 1886 1281 1948 operum,
1312 1870 1474 1948 opuscula
1502 1870 1620 1947 brevia,

225 1976 331 2042 notae,
357 1977 520 2050 excerpta,
544 1975 728 2035 eiusmodi
752 1975 822 2034 alia.
847 1972 988 2036 Nomina
1002 1979 1183 2043 auctorum,
1207 1991 1290 2052 quae
1314 1977 1346 2036 in
1370 1973 1539 2034 codicibus
1555 1990 1621 2036 non

228 2075 386 2152 leguntur,
411 2075 472 2136 sed
495 2077 625 2138 aliunde
649 2081 810 2156 exquisita
834 2083 920 2147 sunt,
944 2079 1059 2139 inclusi
1088 2081 1225 2150 uncinis,
1258 2094 1344 2156 quos
1376 2079 1486 2138 itidem
1510 2078 1622 2139 crebro

226 2179 357 2240 adhibui
382 2183 414 2240 in
439 2179 577 2242 diversis
600 2181 842 2256 additamentis,
866 2183 986 2261 quibus
1010 2182 1247 2260 descriptiones
1271 2182 1471 2261 supplentur.
1494 2179 1621 2256 titulis,

226 2287 280 2362 qui
303 2300 411 2362 neque
434 2287 466 2344 in
490 2301 627 2363 operum
651 2286 785 2347 exordio
809 2302 915 2365 neque
938 2289 970 2347 in
994 2285 1059 2347 fine
1075 2302 1182 2364 neque
1198 2289 1230 2346 in
1247 2290 1382 2366 registro
1405 2289 1621 2360 inveniuntur,

227 2387 286 2447 sed
310 2404 352 2448 ex
375 2392 449 2466 ipso
472 2395 665 2468 argumento
688 2394 861 2468 compositi
885 2396 972 2467 sunt,
995 2395 1107 2450 notam
1134 2394 1315 2468 »anepigr«
1341 2388 1485 2468 praefixi.
1502 2387 1624 2452 Contra

226 2507 442 2571 quaecunque
476 2494 576 2555 verba
611 2498 812 2572 (praesertim
847 2495 979 2555 initialia
1012 2499 1043 2555 et
1065 2492 1187 2573 finalia)
1210 2511 1228 2555 e
1251 2495 1419 2555 codicibus
1453 2497 1534 2571 ipsis
1569 2495 1623 2556 de-

229 2601 384 2674 prompsi,
420 2600 522 2676 signis
549 2623 563 2652 ι
614 2623 628 2650 «
662 2599 878 2672 includebam,
913 2615 1091 2678 eorumque
1125 2603 1237 2677 utique
1270 2603 1426 2676 integram
1461 2598 1623 2658 scribendi

226 2705 393 2774 rationem,
418 2703 522 2782 qualis
545 2706 576 2764 in
601 2703 770 2763 codicibus
794 2709 853 2773 est,
870 2704 1058 2776 retinebam,
1075 2719 1141 2764 non
1158 2709 1266 2764 tamen
1290 2707 1342 2776 ita,
1365 2709 1402 2762 ut
1423 2703 1622 2763 maiusculas

226 2805 346 2866 litteras
370 2825 428 2886 pro
451 2808 654 2880 minusculis,
678 2805 692 2866 i
714 2823 771 2886 pro
785 2805 817 2886 j,
840 2825 860 2868 v
883 2825 986 2886 prou
1009 2811 1134 2885 passim
1158 2823 1278 2885 ponere
1302 2811 1334 2866 et
1355 2821 1462 2866 annos
1485 2806 1623 2866 arabicis

227 2925 436 2972 numerorum
460 2916 546 2973 notis
570 2915 749 2990 exprimere
773 2929 908 2974 vererer.
944 2911 1113 2972 Postremo
1136 2911 1245 2972 litteris
1269 2910 1449 2971 minoribus
1480 2925 1622 2970 excusae

231 3021 308 3075 sunt
331 3021 427 3076 notae
452 3016 484 3077 in
508 3019 669 3094 operculis
693 3018 743 3077 vel
767 3015 850 3076 loliis
875 3016 1058 3095 praeligatis
1081 3021 1114 3076 et
1134 3016 1283 3094 adligatis
1306 3019 1525 3087 occurrentes,
1539 3029 1622 3092 quae

225 3119 415 3197 pierumque
440 3125 545 3198 priora
567 3121 719 3182 codicum
751 3120 816 3182 iata
839 3127 871 3181 et
893 3136 1109 3199 possessores
1140 3124 1351 3192 concernunt,
1385 3133 1622 3197 nonnunquam

224 3225 391 3284 historiam
416 3229 522 3302 ipsam
546 3225 715 3298 illustrant,
740 3229 771 3286 et
794 3231 1005 3286 recensentur
1026 3224 1207 3303 fragmenta
1230 3227 1447 3302 antiquiorum
1471 3223 1622 3284 codicum

222 3329 273 3388 vel
298 3329 571 3392 documentorum
607 3331 768 3408 operculis
792 3347 858 3392 non
898 3347 970 3391 raro
1006 3331 1219 3408 adligatorum
1255 3330 1306 3388 vei
1340 3328 1622 3406 adglutinatorum.

223 3432 351 3511 Quibus
375 3438 461 3494 notis
485 3433 637 3495 finalibus
661 3439 786 3512 passim
821 3435 1072 3514 (nonnunquam
1096 3437 1192 3494 etiam
1224 3432 1495 3510 descriptionibus
1529 3426 1623 3508 ipsis)

224 3537 356 3597 additus
380 3543 431 3598 est
453 3543 630 3616 apparatus
654 3542 708 3618 qui
732 3539 847 3599 dicitur
877 3539 1046 3599 litterarius
1081 3553 1192 3598 eorum
1228 3537 1343 3596 saltem
1378 3535 1622 3613 opusculorum,

224 3657 308 3719 quae
331 3643 374 3702 ad
398 3643 566 3703 historiam
591 3648 725 3722 patriam
750 3643 973 3704 illustrandam
1004 3643 1154 3702 videntur
1176 3656 1252 3700 esse
1285 3639 1422 3700 alicuius
1456 3640 1622 3708 momenti,

222 3763 322 3824 saepe
346 3751 442 3807 etiarn
466 3748 611 3808 aliorum.
657 3744 740 3808 Nam
765 3763 839 3808 cum
864 3751 999 3808 minima
1029 3763 1104 3824 pars
1127 3747 1299 3806 latinorum
1323 3743 1473 3804 codicum
1496 3748 1623 3803 nostro·

223 3866 294 3910 rum
321 3851 459 3928 (circiter
486 3851 559 3926 100)
584 3867 671 3913 saec.
695 3850 768 3913 XlV
798 3855 959 3930 antiquior
989 3855 1088 3922 esset,
1123 3853 1267 3910 maxima
1301 3847 1438 3924 (circiter
1459 3843 1557 3925 2100)
1580 3845 1623 3906 ad

223 3956 357 4016 saecula
379 3953 452 4018 XlV
475 3961 507 4016 et
529 3954 590 4015 XV
614 3955 794 4034 referretur,
818 3957 938 4035 quibus
962 3958 1072 4015 omnia
1095 3955 1205 4014 divina
1227 3958 1259 4012 et
1281 3953 1426 4012 humana
1448 3949 1535 4028 apud
1559 3965 1621 4010 nos

223 4061 453 4127 miscebantur,
478 4064 574 4120 etiam
598 4063 630 4121 in
654 4061 716 4121 hoc
740 4065 898 4139 apparatu
914 4059 1137 4137 conquirendo
1154 4072 1267 4117 eorum
1290 4055 1437 4134 inprimis
1459 4054 1622 4124 librorum,

222 4167 276 4241 qui
299 4165 424 4224 illarum
448 4165 615 4226 turbarum
640 4171 736 4227 notas
771 4165 932 4243 quasdam
964 4169 996 4223 et
1028 4165 1166 4240 vestigia
1199 4177 1276 4239 prae
1310 4177 1346 4220 se
1381 4158 1508 4229 ferrent,
1544 4160 1623 4217 ratio

221 4269 298 4329 mihi
321 4269 474 4329 habenda
498 4285 574 4329 esse
597 4269 776 4330 videbatur.
823 4268 929 4348 Quem
954 4273 1145 4346 apparatum
1177 4267 1308 4324 minime
1345 4279 1421 4323 esse
1445 4259 1622 4340 perfectum

220 4388 327 4452 neque
352 4373 540 4433 absolutum
577 4389 778 4452 quamquam
810 4373 887 4434 mihi
922 4375 1077 4434 conscius
1101 4387 1186 4438 sum,
1223 4375 1331 4430 tamen
1355 4383 1452 4445 spero
1475 4365 1554 4440 iore,
1588 4371 1625 4426 ut

221 4477 373 4537 historiae
398 4483 531 4538 nostrae
555 4478 791 4539 scrutatoribus
814 4479 876 4537 hae
908 4476 1216 4556 quantulaecunque
1246 4478 1344 4534 notae
1367 4473 1524 4550 gratiores
1559 4472 1624 4530 sint

319 4646 359 4726 ³³)
381 4655 414 4710 In
438 4655 556 4710 schedis
589 4653 678 4708 huius
718 4655 843 4725 catalogi
878 4651 1068 4724 autographis
1091 4651 1121 4706 in
1144 4657 1293 4722 posterum
1324 4646 1511 4703 asservandis
1535 4650 1622 4701 etiam

221 4743 409 4812 annotabam,
434 4743 584 4814 quomodo
608 4741 729 4796 codices
754 4741 834 4812 ligati
858 4747 958 4796 essent
981 4747 1008 4795 et
1031 4747 1103 4810 quot
1126 4735 1271 4792 columnis
1295 4734 1402 4790 librarii
1426 4733 1622 4804 scripsissent,

218 4843 292 4898 quas
315 4836 413 4884 tamen
437 4835 534 4896 notas,
558 4843 625 4884 cum
651 4835 750 4884 esseut
772 4823 893 4883 minoris
917 4826 1066 4893 momenti,
1090 4825 1137 4880 hic
1160 4822 1335 4880 omittendas
1358 4819 1468 4893 putavi.

317 4925 358 5004 34)
380 4931 501 4989 Veteres
535 4932 671 4988 foliorum
706 4947 854 5002 numeros,
889 4933 956 4986 licet
989 4931 1133 4987 interdurn
1168 4930 1301 4998 vitiosos,
1325 4931 1445 4981 retinere
1469 4925 1623 4979 studebam

219 5019 322 5076 melius
345 5027 453 5092 putans
477 5021 551 5076 tales
574 5020 702 5090 codices,
738 5034 862 5090 quorum
897 5019 967 5074 folia
997 5019 1089 5074 multo
1121 5023 1187 5072 ante
1226 5029 1345 5070 »num«
1379 5015 1434 5082 (=
1459 5011 1625 5080 numerata)

219 5113 285 5182 sint,
309 5110 347 5166 ab
371 5109 455 5164 initio
479 5107 600 5164 indicari
624 5120 716 5178 quam
741 5121 928 5162 numerorum
951 5111 1055 5161 seriem
1079 5109 1195 5162 mutari.
