3938 6010
1027 553 1108 615 1030

468 764 500 818 ln
525 767 695 820 membrana
717 765 855 835 operculo
880 765 961 820 inler.
987 765 1115 834 adligata
1139 773 1273 823 notatur:
1312 765 1453 820 »Domine
1477 765 1567 832 Petre,
1591 766 1616 820 si
1639 765 1772 836 placebit

363 851 449 906 vobis
473 851 545 906 liber
568 852 633 918 iste,
657 853 861 906 transmittatis
885 852 955 906 milri
983 853 1042 908 100
1066 869 1108 922 gr.
1133 869 1183 923 per
1206 859 1316 908 certum
1340 852 1509 909 nunccium.
1534 851 1565 907 Si
1589 855 1624 907 ad
1651 859 1770 922 gratum

287 965 294 977 ·
365 945 418 1006 est,
443 953 502 992 non
527 937 610 992 aliter
634 941 689 993 nisi
713 953 766 1009 pro
794 933 850 1016 1¹l2
876 953 1054 1009 sexagena«
1102 937 1134 993 ln
1159 941 1329 994 membrana
1352 939 1490 1010 operculo
1515 953 1611 1010 super.
1636 939 1771 1008 adligata

364 1027 436 1080 haec
460 1031 530 1080 nota
553 1032 614 1080 est:
644 1025 695 1080 ›A.
720 1026 748 1082 d.
778 1025 857 1081 1419
881 1025 954 1080 obiit
977 1029 1055 1082 dom.
1087 1025 1244 1096 Gregorius
1269 1027 1421 1097 presbyter
1444 1027 1541 1082 dictus
1565 1025 1690 1095 Sekyra,
1716 1029 1770 1096 qui

363 1113 442 1166 hunc
465 1109 571 1166 librum
596 1114 774 1167 monasterio
798 1128 822 1167 s.
846 1111 1109 1182 Karolilegarit.«
1132 1111 1257 1170 ...Ex
1280 1113 1330 1168 illa
1354 1113 1481 1168 canonia
1505 1115 1600 1167 codex
1635 1115 1672 1167 ad
1710 1128 1769 1166 nos

364 1199 502 1270 pervenit.
1764 1209 1767 1214 ’

470 1365 569 1448 1036
972 1367 1031 1442 VJ.
1061 1369 1103 1442 B.
1131 1370 1165 1444 3.

363 1508 471 1568 chart.
494 1525 582 1568 saec.
605 1507 676 1569 XV
693 1512 790 1589 (pars
812 1527 844 1571 a.
868 1508 966 1587 1438)
984 1508 1026 1589 ff.
1050 1509 1123 1577 221,
1157 1509 1299 1572 2o><21
1332 1526 1395 1570 cm,
1419 1509 1451 1570 d.
1475 1527 1519 1570 m.

467 1629 487 1690 i.
517 1627 674 1690 1³-130b
698 1631 855 1708 (anepigr.)
881 1631 994 1692 Casus
1018 1631 1253 1693 decretalium.
1287 1630 1347 1691 »Et
1369 1631 1439 1690 laici
1463 1634 1608 1708 inprimis
1632 1631 1767 1690 duobus

363 1723 502 1863 {flate}
525 1733 644 1777 casus«
671 1719 703 1773 ><
731 1734 864 1778 »sacros
888 1735 1034 1780 canones
1058 1722 1182 1780 imitari.
1228 1717 1298 1778 Hec
1333 1715 1500 1778 sufficiunt
1532 1735 1590 1796 pro
1625 1723 1766 1795 utroque

404 1821 423 1880 p
466 1907 486 1967 i.
516 1903 720 1968 isui-131⁸
742 1911 815 1980 (alia
838 1911 941 1980 manu)
965 1907 1092 1968 Erasmi
1116 1907 1283 1986 Zachreys
1307 1906 1392 1968 Nota
1414 1908 1454 1967 de
1479 1908 1574 1968 laude
1598 1906 1685 1984 Mag.
1710 1906 1766 1966 Jo-

362 1995 481 2054 hannis
506 1993 726 2068 Polzmacher‚
752 1995 944 2055 decretistae
968 2013 996 2054 a.
1026 1994 1116 2056 1437.

466 2098 486 2157 i.
515 2095 717 2158 132⁸-202b
751 2097 894 2160 Hearici
928 2097 969 2158 de
1009 2095 1207 2174 Oldendorp
1248 2096 1396 2160 Lectura
1438 2097 1580 2174 capituli
1620 2095 1766 2159 »Omnis

362 2183 542 2262 utriusque
566 2201 693 2245 sexus«
720 2186 762 2246 de
795 2184 1018 2261 poenitentia.
1057 2184 1153 2246 »ileu
1188 2189 1219 2244 in
1254 2183 1329 2246 Chr.
1365 2189 1498 2263 patri..
1545 2185 1581 2246 B.
1605 2189 1764 2262 episcopo

364 2269 558 2348 Frisingensi
579 2318 585 2331 .
606 2323 611 2332 .
633 2318 640 2332 .
659 2271 697 2332 H.
724 2273 763 2331 de
789 2271 973 2332 Odendari«
1001 2273 1034 2329 ><
1060 2271 1171 2349 »Expl
1197 2273 1319 2332 lectura
1342 2289 1411 2349 cap.
1438 2277 1496 2332 etc.
1516 2273 1691 2350 compilata
1707 2287 1767 2348 per

361 2363 525 2436 egregium
551 2359 719 2419 ductorem
743 2364 802 2418 utr.
828 2362 905 2418 iuris
928 2357 1116 2418 Heinricum
1148 2358 1188 2417 de
1223 2357 1410 2419 Odendarll.
1458 2356 1584 2436 Scripta
1608 2363 1668 2417 est
1701 2351 1770 2440 hec'

361 2445 553 2523 compilacio
576 2463 634 2522 per
657 2462 709 2504 me
733 2445 913 2507 Nicolaum
935 2444 1131 2506 'l’rewinam
1155 2446 1197 2505 de
1219 2443 1373 2522 Velpach
1397 2463 1426 2506 a.
1454 2444 1536 2506 1438
1571 2452 1648 2506 tunc
1681 2451 1765 2504 tem·

362 2548 477 2608 porum
502 2532 683 2592 diuinorum
708 2539 954 2608 cooperatorem
978 2536 1010 2592 in
1034 2529 1293 2592 Neurenkirchen
1316 2531 1375 2592 aul
1396 2533 1471 2591 dem
1497 2531 1686 2593 Stainleld.«

464 2635 484 2695 i.
510 2630 716 2694 2031-2211)
750 2634 917 2697 Tancredi
950 2635 1186 2697 Bononiensis
1225 2633 1408 2696 summula
1445 2636 1486 2696 de
1527 2635 1761 2696 matrimonio.

363 2721 465 2782 »Cum
491 2726 523 2782 in
547 2724 699 2782 omnibus
723 2722 788 2782 iere
812 2727 940 2782 causis«
968 2724 1000 2780 ><
1028 2723 1187 2800 »benigno
1210 2726 1320 2783 animo
1343 2727 1481 2802 corrigat
1512 2728 1544 2782 et
1577 2722 1760 2783 emendet«

465 2828 602 2884 Codicem
628 2831 706 2885 bunc
729 2828 848 2884 Schulte
872 2845 930 2884 non
955 2832 1108 2884 recensuit.
1141 2828 1243 2885 Codex
1267 2846 1293 2887 a.
1333 2827 1413 2887 1609
1448 2837 1509 2884 erat
1543 2831 1612 2886 bibl.
1649 2829 1763 2883 Rosen-

360 2918 502 2986 bergicae,
548 2925 579 2971 ut
610 2918 696 2971 docet
724 2916 839 2986 insigne
871 2917 1041 2987 adligatum,
1088 2918 1154 2971 dein
1185 2933 1211 2974 a.
1241 2916 1320 2972 1718
1353 2917 1561 2972 canonicorum
1586 2916 1762 2984 regularium

359 3002 521 3058 Trebonae.

466 3167 564 3250 1037
992 3169 1054 3246 VI.
1082 3157 1125 3246 B.
1154 3173 1189 3246 4.

359 3313 466 3372 citari.
490 3329 522 3371 a.
548 3312 632 3374 1389
646 3309 695 3390 sf.
718 3312 795 3388 311,
817 3313 904 3374 29><
927 3313 966 3373 21
993 3330 1056 3373 cin.
1081 3315 1098 3374 1
1123 3331 1167 3374 m.

475 3432 583 3510 (Petri
605 3431 857 3512 Pictaviensis)
881 3433 1126 3512 Reportorium
1150 3435 1282 3496 morale
1306 3434 1376 3513 (Lit.
1401 3434 1432 3501 J,
1456 3433 1496 3507 K,
1521 3432 1556 3506 L,
1580 3431 1639 3510 M).

464 3519 484 3580 i.
509 3515 589 3579 3llb
616 3520 675 3580 »Et
699 3525 747 3580 sic
771 3527 822 3582 est
846 3520 919 3581 linis
936 3520 1113 3599 Reportorii
1129 3523 1272 3589 moralis,
1297 3523 1446 3582 uidelicet
1468 3525 1603 3580 istarum
1621 3524 1763 3596 quatuor

360 3609 519 3667 literarum
545 3611 552 3666 i
576 3607 597 3666 k
620 3609 629 3666 l
653 3614 684 3668 et
708 3625 750 3674 rn,
775 3611 915 3685 scriptus
939 3625 996 3686 per
1019 3625 1137 3669 manus
1160 3608 1333 3670 Johannis
1357 3607 1471 3669 dictus
1488 3605 1569 3684 (sic)
1586 3603 1763 3667 Stolicaka

358 3711 387 3754 a.
413 3694 444 3754 d.
472 3693 555 3754 1389
578 3694 632 3754 ier.
657 3692 686 3752 V
710 3695 859 3772 proxima
881 3701 956 3755 ante
980 3694 1100 3755 lestum
1125 3697 1385 3772 penthecostes«

462 3801 560 3870 (Aliae
583 3807 679 3870 partes
696 3802 784 3856 huius
800 3803 895 3871 operis
911 3801 948 3855 ab
973 3803 1074 3856 eodem
1098 3803 1195 3858 scriba
1220 3809 1366 3872 exaratae,
1392 3803 1526 3856 videlicet
1549 3802 1590 3856 lit.
1610 3799 1647 3866 A,
1664 3797 1697 3868 Τ,
1715 3797 1773 3866 U‚·

358 3889 545 3942 continentur
567 3889 632 3944 cod.
657 3887 678 3942 Ι.
703 3886 736 3942 B.
755 3887 782 3944 8.
807 3902 827 3942 a
849 3887 874 3945 31
896 3889 941 3954 b.)
965 3887 1047 3943 Sicut
1070 3889 1188 3944 codices
1204 3889 1246 3944 illi
1270 3892 1357 3944 etiarn
1381 3890 1428 3944 hic
1452 3903 1530 3942 saec.
1550 3885 1603 3940 XV
1627 3902 1673 3941 ex.
1698 3891 1760 3938 erat

358 3975 568 4029 canonicorum
593 3974 769 4043 regularium
799 3973 1057 4044 'lrzebonensium
1093 3977 1197 4031 deinde
1233 3976 1428 4031 bibliothecae
1462 3973 1695 4040 Rosenbergicae
1730 3977 1760 4025 et

357 4062 460 4115 iterum
485 4061 655 4115 monasterii
678 4061 808 4130 praelati.
832 4059 902 4114 Item
927 4064 1091 4116 notandum
1114 4069 1158 4117 est
1182 4064 1277 4118 codici
1300 4063 1369 4118 huic
1392 4069 1420 4117 et
1443 4063 1509 4116 cod.
1534 4059 1554 4116 l.
1579 4059 1611 4116 B.
1638 4061 1692 4114 8a
1708 4061 1761 4112 ad·

358 4147 448 4214 ligata
472 4161 535 4201 esse
560 4146 720 4216 fragmenta
743 4149 874 4201 eiusdem
897 4147 1081 4203 instrumenti
1115 4150 1196 4220 publ.
1238 4149 1354 4220 notarii,
1389 4164 1447 4218 quo
1482 4149 1580 4203 literae
1604 4145 1760 4201 confoede-

358 4233 480 4288 rationis
503 4232 601 4288 Ceroli
625 4233 673 4300 VI,
698 4233 836 4288 Franciae
861 4235 946 4303 regis,
979 4251 1046 4290 curn
1071 4235 1261 4303 Wenceslao,
1297 4235 1378 4292 Rom.
1404 4243 1431 4290 et
1466 4234 1584 4291 Bohem.
1620 4248 1696 4302 rege,
1732 4239 1773 4288 as

358 4321 386 4374 d.
415 4320 494 4374 1380
518 4321 606 4374 initae
630 4328 888 4389 recognoscuntur.

466 4486 566 4569 1030
988 4487 1050 4563 Vl.
1081 4489 1123 4564 Β.
1151 4491 1187 4563 5.

357 4629 465 4690 chart.
488 4645 576 4689 saec.
599 4626 686 4688 XIV
693 4627 739 4709 ff
763 4629 836 4702 132,
858 4629 1034 4690 295><22
1056 4647 1119 4690 cm.
1143 4630 1174 4690 d.
1198 4647 1243 4690 m.

460 4749 480 4811 i.
510 4751 623 4810 11--31
648 4751 776 4830 (initium
800 4755 894 4824 deest)
918 4750 1006 4811 Finis
1030 4753 1203 4812 cuiusdam
1227 4757 1385 4813 tractatus
1409 4753 1449 4812 de
1474 4751 1667 4812 obedientia.

462 4837 480 4896 i.
506 4833 646 4897 4²²——l9b
671 4835 849 4898 Sermones
873 4839 913 4898 de
938 4843 1062 4900 sanctis
1085 4838 1285 4912 (Commune
1310 4839 1351 4900 de
1375 4836 1522 4914 sanctis).

356 5009 396 5087 (E
460 4923 480 4984 i.
502 4923 668 5070 t{0223a
692 4921 901 4985 8165b—68b
925 4928 949 4982 8<
976 4921 1175 4986 rosi-rior
1200 4923 1233 4986 S.
1258 4927 1463 5006 Augustinus
1487 4923 1593 5002 Super·
1609 4923 1759 5000 psalmos

398 5027 497 5088 xcerp
534 5022 553 5077 ).

1030 5235 1082 5285 430
