3938 6010
1050 573 1129 633 131?

492 775 598 856 1317
977 775 1056 852 VII.
1084 776 1127 852 E.
1156 776 1217 852 27.
1336 789 1339 796 '

387 917 495 977 chart.
518 933 607 978 saec.
629 912 696 978 XV
712 917 752 998 ff.
778 917 819 978 73
840 935 944 990 iarun„
968 916 1047 979 205
1058 921 1096 996 ><
1111 918 1155 979 15
1166 935 1227 978 cm.
1251 917 1269 978 1
1295 935 1340 978 m.

502 1037 522 1097 i.
551 1037 688 1099 1¹²-3la
711 1037 849 1100 Martini
873 1037 1059 1100 minoritae
1082 1039 1203 1101 Floras
1225 1044 1423 1116 temporum
1455 1039 1542 1112 (»vel
1573 1045 1726 1116 excerpta
1748 1039 1786 1098 de

391 1128 530 1185 cronicis
567 1131 599 1185 et
629 1125 744 1186 dicitur
775 1131 906 1186 cronica
938 1124 1152 1186 Martimiani«
1179 1127 1305 1186 -sed
1336 1125 1429 1194 salso,
1465 1125 1504 1186 cf.
1538 1125 1702 1197 Pottbast)
1725 1140 1786 1185 seu

389 1211 579 1273 chronicon
610 1211 859 1288 imperatorum
890 1217 925 1272 et
958 1211 1163 1288 pontificum
1198 1213 1241 1273 ad
1275 1212 1440 1274 Carolum
1469 1211 1515 1272 IV
1537 1211 1785 1273 continuatum.

391 1298 517 1358 »Prima
548 1305 618 1359 etas
649 1300 793 1360 duravit«
820 1301 852 1356 ><
880 1304 1115 1360 »communiter
1147 1299 1312 1361 diffidavit.
1345 1299 1484 1378 Explicit
1507 1306 1696 1376 excerptum
1721 1315 1786 1358 cro·

388 1401 488 1446 mee«

494 1471 513 1531 1.
539 1469 702 1532 3lil—3lb
726 1473 815 1532 Aliae
839 1479 935 1534 notae
960 1472 1143 1532 historicae.

492 1557 513 1618 l.
537 1556 699 1618 32⁸-3ob
723 1558 904 1620 Tractatus
928 1557 969 1618 de
994 1557 1060 1619 lide
1085 1560 1258 1620 catholiea
1280 1565 1315 1620 et
1344 1560 1386 1620 de
1409 1557 1649 1619 sacramentis.
1686 1557 1788 1636 »Quia

389 1648 458 1704 sine
483 1643 547 1704 fide
571 1650 735 1706 neminem
760 1651 912 1707 convenit
942 1647 1077 1707 salvari«
1107 1649 1136 1701 ><
1166 1650 1250 1724 »pari
1276 1663 1360 1723 pena
1384 1652 1461 1705 sunt
1484 1645 1650 1722 puniendi,
1697 1645 1787 1722 Expl.

389 1735 477 1791 tract.
515 1731 555 1791 de
586 1731 650 1792 hde
685 1734 768 1793 cath.
802 1741 832 1793 et
867 1734 906 1793 de
938 1737 1183 1795 sacramentis«
1217 1731 1404 1806 (Tractatus
1428 1733 1469 1791 de
1493 1731 1557 1793 lide
1582 1736 1727 1793 maxima
1749 1748 1788 1791 ex

389 1823 478 1896 parte
502 1819 680 1880 concordat
710 1837 784 1880 cum
817 1819 1037 1883 Catechismo
1069 1819 1251 1881 bohemico
1284 1818 1329 1880 M.
1363 1819 1536 1880 Johannis
1569 1817 1656 1892 Hus,
1692 1835 1786 1897 quem

390 1905 490 1964 edidit
514 1904 665 1984 Palaclry,
691 1905 829 1967 Docum.
856 1906 943 1980 703.)

493 1991 513 2050 i.
537 1993 577 2052 37
602 1993 743 2070 (anepigr.
768 1999 826 2052 alia
856 1997 959 2065 manu)
993 1995 1068 2056 List
1097 1994 1143 2056 ke
1174 1983 1232 2054 vsi
1261 1991 1339 2053 obci
1371 1985 1564 2054 oblizke'm
1594 1984 1788 2069 poslednim

390 2079 513 2139 soudu.
542 2077 668 2139 »llilost
692 2087 784 2140 otcze
808 2082 1107 2142 wsemohuczeho«
1135 2083 1167 2138 ><
1194 2079 1387 2158 ›wsiczkny
1410 2096 1535 2158 werny.
1559 2077 1786 2157 Napomynam

390 2181 462 2224 was
487 2181 544 2242 pro
567 2183 687 2243 gmeno
712 2168 805 2226 bozie
829 2169 894 2245 aby
918 2173 1006 2228 tento
1031 2171 1082 2228 list
1106 2169 1147 2228 bil
1172 2183 1333 2226 oznamen
1358 2183 1434 2244 wsy
1456 2167 1593 2244 obczy.‹

493 2252 511 2312 1.
537 2251 699 2313 Stil—52a
722 2253 858 2330 (Jacobi
875 2253 916 2314 dc
932 2255 1036 2332 Misa)
1053 2255 1233 2316 Tractatus
1251 2255 1292 2313 de
1305 2253 1552 2314 communione
1565 2253 1630 2312 sub
1643 2257 1788 2328 utraque

389 2338 504 2414 specie
528 2345 649 2400 contra
679 2340 924 2402 conclusiones
955 2342 1137 2403 doctorum
1169 2338 1505 2401 constantiensium.
1557 2339 1680 2398 »Pn'ma
1714 2355 1785 2397 con·

390 2427 514 2487 clusio:
539 2425 666 2488 Cristus
691 2433 767 2504 post
789 2444 905 2488 cenam
929 2435 989 2490 etc.
1014 2428 1277 2489 Fundamentum
1302 2427 1407 2486 aliud«
1435 2427 1468 2482 ><
1495 2427 1573 2486 »illic
1597 2431 1629 2485 et
1645 2429 1788 2484 minister

390 2527 485 2570 meus
509 2516 575 2572 erit.
610 2512 703 2591 Expl.
737 2516 968 2574 conclusiones
1000 2515 1040 2574 de
1076 2515 1275 2576 Constancia
1298 2518 1411 2573 contra
1434 2516 1702 2573 communionem
1727 2511 1787 2570 sub

390 2603 525 2674 utraque
550 2604 659 2676 specie
683 2605 714 2659 et
738 2606 971 2676 responsiones
995 2603 1037 2660 ad
1062 2620 1136 2660 eas«
1158 2650 1164 2662 .
1184 2651 1189 2661 .
1209 2647 1215 2660 .
1233 2599 1330 2678 (opus
1347 2603 1505 2676 integrum
1530 2599 1603 2658 edit.
1621 2595 1726 2658 Hardt
1742 2596 1787 2658 lll.

389 2683 447 2744 591
478 2691 550 2762 sq.)·.

492 2770 696 2832 1721-738
725 2772 978 2835 »Auctoritates
1007 2774 1151 2835 collecte
1185 2773 1294 2850 Prage
1329 2788 1350 2831 a
1383 2770 1561 2848 magistris
1584 2775 1620 2831 et
1643 2769 1686 2831 ad
1709 2785 1787 2830 con-

390 2856 506 2916 cilium
531 2856 808 2920 constanciense
832 2859 960 2924 directe
995 2877 1023 2922 a.
1059 2859 1140 2922 1417
1164 2865 1246 2938 post
1268 2859 1399 2920 festum
1421 2863 1665 2934 pentecostes‹
1692 2855 1788 2936 (frag-

390 2949 558 3016 mentum).

494 3030 514 3090 1.
540 3027 701 3092 738-731
718 3036 873 3106 (anepigr.)
888 3033 1124 3112 Promulgatio
1140 3040 1290 3111 quatuor
1304 3031 1533 3094 articulorum
1548 3029 1789 3108 Pragensium.

393 3114 533 3177 »Notum
558 3122 599 3178 sit
622 3119 776 3180 omnibus
799 3117 1091 3182 christifidelibus«
1119 3125 1150 3178 ><
1177 3123 1423 3198 »paratissimos
1447 3118 1670 3178 exhibemus«

496 3206 691 3278 Praeligatum
723 3217 766 3264 est
796 3209 988 3280 fragmentum
1020 3213 1139 3267 membr.
1173 3212 1284 3265 codicis
1321 3209 1418 3280 liturg.
1451 3224 1528 3264 saec.
1560 3206 1639 3279 XIV,
1669 3210 1699 3262 in
1730 3221 1789 3278 quo

391 3299 548 3348 occurrunt
572 3299 714 3364 quaedam
740 3298 968 3368 benedictiones,
992 3298 1060 3352 item
1086 3299 1103 3351 6
1128 3297 1178 3353 iol.
1202 3297 1302 3360 chart..
1327 3296 1355 3351 in
1380 3297 1487 3367 quibus
1511 3301 1580 3350 sunt
1595 3301 1682 3350 notae
1698 3293 1791 3348 histo·

391 3377 468 3433 ricae
493 3381 597 3450 partim
623 3386 659 3438 ad
684 3399 759 3454 opus
786 3383 903 3440 »Flores
927 3391 1108 3455 temporum«
1135 3390 1309 3456 spectantes,

494 3563 596 3644 1318
966 3570 1050 3645 VII.
1078 3569 1122 3644 E.
1150 3569 1210 3643 28.

388 3704 498 3766 chart.
521 3723 609 3767 saec,
635 3704 720 3768 XVI
736 3707 776 3787 ff.
801 3709 1044 3776 11121><10
1067 3729 1129 3772 cna
1158 3711 1171 3770 1
1197 3728 1242 3771 m.

587 3826 716 3888 Urbani
739 3829 859 3908 Rhegii
883 3831 1091 3893 Rudimenta
1113 3830 1355 3909 philosophiae
1378 3827 1589 3890 Aristotelis.

494 3945 515 4007 i.
544 3943 576 4007 lb
600 3951 776 4025 (Epistolm)
803 3951 863 4012 »ll
889 3951 1043 4013 Urbanus
1069 3951 1187 4029 Regius
1212 3952 1379 4029 discipulis
1397 3955 1467 4010 suis
1492 4001 1497 4010 .
1525 3996 1530 4008 .
1557 4001 1562 4010 .
1588 3949 1638 4009 Ex
1655 3953 1789 4009 ruinoso

393 4031 542 4094 Liliorum
575 4037 787 4098 contubernio
819 4040 998 4117 Angelipoli
1023 4041 1150 4100 decima
1173 4038 1257 4098 Junii
1281 4056 1310 4098 a.
1334 4041 1466 4115 virginei
1491 4043 1602 4114 partus
1630 4035 1730 4096 1516«
1756 4037 1789 4090 ><

393 4118 413 4180 1,
443 4121 520 4181 144²
542 4124 701 4199 (Peroratio
712 4128 733 4198 z)
760 4124 849 4186 »Deo
873 4131 995 4204 optimo
1020 4131 1189 4187 maximo.
1211 4177 1215 4186 .
1237 4171 1243 4184 .
1265 4175 1269 4186 .
1295 4128 1504 4202 animamque
1529 4129 1629 4184 totam
1647 4121 1790 4199 perlecta

395 4207 698 4287 iucundissimaque
721 4211 869 4273 fruitione
893 4218 924 4274 in
949 4231 1013 4274 sec.
1040 4229 1105 4273 see.
1131 4211 1197 4273 Soli
1222 4212 1284 4272 deo
1307 4213 1417 4288 gloria.

494 4313 596 4368 Codex
619 4317 666 4372 hic
690 4326 777 4374 antea
800 4321 947 4391 adligatus
971 4328 1032 4375 erat
1054 4323 1129 4376 libro
1157 4321 1203 4376 12.
1227 4319 1260 4375 B.
1287 4320 1336 4375 92.

497 4497 598 4579 1319
970 4506 1053 4580 VH.
1084 4505 1125 4580 E.
1158 4505 1219 4579 29.

390 4639 498 4699 chart.
523 4657 555 4699 a.
579 4639 668 4702 1539
681 4641 730 4720 fs.
753 4644 807 4718 31,
829 4646 1039 4708 20·5><15·5
1060 4664 1121 4706 cm.
1146 4646 1164 4707 1
1192 4664 1235 4707 m.

388 4759 543 4838 Sphaera
564 4758 737 4827 Johannis
761 4767 802 4830 de
825 4767 1039 4832 Sacrobosco
1063 4767 1099 4828 in
1122 4767 1367 4844 compendium
1383 4765 1526 4844 digesta.
1543 4763 1647 4826 Anno
1662 4761 1788 4824 salutis

911 4863 1031 4917 nostre
1057 4853 1271 4916 MDXXXIX.

492 4987 661 5043 Secundum
697 4991 781 5040 notas
815 4983 885 5038 folio
920 4982 1077 5051 praeligato
1113 4981 1269 5049 inscriptas
1303 4979 1398 5034 codex
1432 4979 1479 5034 hic
1514 4993 1575 5032 una
1605 4949 1670 5032 cum
1707 4975 1788 5031 libris

387 5073 538 5144 impressis
562 5075 631 5130 olim
656 5073 791 5142 adligatis
816 5069 924 5141 (Lucae
949 5067 1066 5123 Gaurici
1089 5065 1243 5121 Tractatus
1267 5065 1443 5135 astrologiae
1459 5065 1638 5132 iudiciariae,
1659 5062 1787 5118 Norimb.

1066 5287 1117 5336 506
