4048 6012
1019 544 1082 605 249

458 755 477 814 l.
503 748 648 814 26-741‘
682 753 849 816 Maiestas
880 752 1053 815 Carolina.
1092 753 1160 814 »De
1194 754 1260 814 fide
1294 755 1464 816 katholica.
1500 753 1749 816 Sanctissimam

349 845 538 903 trinitatem«
567 843 598 896 ><
626 839 732 902 »Finis
756 841 807 900 die
832 839 961 901 Saturni
984 847 1059 901 ante
1083 845 1310 902 invencionem
1335 859 1362 902 s,
1387 846 1494 903 crucis
1511 839 1593 902 1467
1623 858 1686 919 per
1708 838 1749 900 V.

349 927 390 989 de
413 928 474 989 H.«
500 929 548 1002 (ln
571 928 675 988 lronte
710 929 806 987 buius
841 932 948 1006 operis
978 932 1116 988 occurn't
1147 931 1257 989 tltulus
1287 946 1387 990 manu
1412 945 1498 989 saec.
1523 927 1608 990 XVII
1639 931 1748 988 inscri-

348 1021 440 1094 ptus:
465 1014 722 1076 Constitutiones
739 1013 845 1074 Caroli
861 1013 902 1076 IV
924 1016 975 1075 vel
991 1014 1068 1075 Jura
1083 1021 1185 1075 terrae
1202 1014 1401 1088 Bobemiae).
1416 1014 1465 1076 Cf.
1482 1011 1618 1090 iirecek‚
1635 1012 1750 1077 Codex

346 1104 427 1180 juris
452 1103 526 1162 boh.
551 1101 586 1174 ΙΙ,
611 1101 630 1161 2
655 1119 684 1179 p.
713 1100 780 1162 109.

457 1189 477 1248 t.
503 1185 687 1249 rsa-162⁸
708 1187 762 1248 Fr.
785 1187 925 1249 Martini
948 1187 1208 1266 poenitentiarii
1231 1188 1261 1250 d.
1277 1205 1387 1266 papae
1404 1193 1440 1250 et
1454 1187 1625 1266 capellani
1642 1185 1749 1248 Chro-

348 1275 427 1337 nica
449 1275 569 1354 (vulgo
592 1275 684 1336 dicta
706 1273 943 1352 Martimiani).
971 1273 1100 1354 »Quum
1132 1279 1215 1336 scire
1239 1281 1386 1355 tempora
1417 1292 1622 1338 summorum
1646 1277 1749 1352 ponti-

348 1362 466 1423 ficum‹
486 1363 519 1420 ><
538 1361 694 1440 »Explicit
716 1367 845 1423 cronica
867 1361 1074 1422 Martimiana
1096 1379 1125 1422 a.
1152 1361 1234 1422 1468
1257 1362 1313 1424 fer.
1338 1362 1375 1424 Ill
1397 1367 1429 1424 ln
1445 1363 1552 1441 vigilia
1567 1361 1747 1440 Epiphanie

347 1455 380 1511 in
404 1447 529 1528 Gurym
553 1449 672 1510 finita«

456 1555 599 1627 Operculo
623 1573 719 1628 super.
744 1557 905 1627 adligatum
928 1561 972 1611 est
995 1557 1114 1611 membr.
1139 1557 1331 1628 fragmentum
1354 1559 1530 1622 testamenti,
1552 1572 1611 1627 quo
1634 1554 1750 1625 Marga-

347 1649 408 1698 reta
431 1647 579 1713 quondam
602 1643 691 1699 Ulrici
715 1641 857 1713 Wulfingi
881 1644 982 1698 relicta
1005 1646 1039 1698 de
1062 1645 1149 1698 rebus
1173 1645 1236 1698 suis
1260 1645 1399 1714 disponit,
1417 1645 1477 1700 dat.
1494 1643 1602 1714 Pragae
1619 1660 1644 1699 a.
1668 1641 1747 1698 139?

347 1729 371 1784 E
394 1736 519 1786 monast.
544 1727 735 1788 Tiebonensi

951 1900 979 1974 I.
1007 1900 1047 1973 F.
1077 1899 1138 1974 17.

345 1899 563 2104 σὴανίῗαθεο.
588 2037 711 2101 XVIII
728 2041 773 2100 in.
784 2040 831 2121 ff.
854 2039 920 2102 153
940 2039 988 2120 (1
995 2042 1048 2120 pp.
1071 2039 1159 2119 305),
1183 2039 1326 2103 20><16
1349 2059 1410 2101 cm.
1436 2039 1466 2102 d.
1491 2057 1536 2100 m,

453 2164 473 2224 1.
502 2164 604 2224 1-43
627 2166 682 2236 (;
696 2180 748 2241 ρρ,
776 2161 892 2236 1-86)
917 2161 1164 2224 Calendarium
1195 2161 1475 2224 ecclesiasticum
1505 2178 1568 2238 pro
1592 2161 1748 2222 cartusia

344 2251 559 2314 Waldicensi
584 2250 817 2328 compositum
841 2266 922 2310 cum
944 2249 1142 2311 dIrectorio.

453 2353 473 2414 l.
497 2353 646 2415 46-122
670 2357 726 2427 (z
738 2371 791 2432 pp.
805 2353 970 2428 91—244)
986 2352 1221 2415 Directorium
1233 2353 1386 2415 lecturae
1399 2352 1577 2414 refectorii
1589 2352 1746 2415 Cartusi·

345 2458 502 2504 anorum.

453 2528 472 2588 1.
502 2527 670 2590 125-136
693 2531 748 2600 (z
761 2545 813 2606 pp.
838 2525 1181 2600 249—272)A1berti
1210 2524 1356 2588 Hoefter
1377 2524 1614 2588 Directorium
1637 2523 1746 2588 officii

345 2615 544 2676 sacristae.
570 2615 804 2676 ..collectum
837 2618 923 2674 circa
953 2631 982 2674 a.
1020 2611 1102 2673 1698
1136 2618 1168 2674 in
1192 2617 1333 2674 cartusia
1357 2611 1578 2675 Gemnicensi.
1612 2611 1747 2691 Singula

344 2721 364 2763 a
387 2702 509 2762 Bened.
532 2701 715 2762 Widerholt
736 2705 843 2761 revisa
865 2706 897 2760 et
919 2701 1110 2778 approbata.

453 2805 473 2867 f.
502 2805 670 2868 138-143
693 2809 813 2882 (zpp.
838 2803 1021 2870 277-286)
1043 2802 1124 2866 Idea
1146 2803 1289 2881 perfecti
1311 2803 1434 2865 vicarii
1457 2805 1603 2881 eiusque
1619 2804 1746 2881 Alpha·

345 2893 462 2956 betum
485 2909 629 2954 aureum
652 2910 672 2952 a
694 2895 928 2952 commissariis
962 2891 1000 2950 Α.
1033 2889 1237 2951 Mittentaller
1261 2939 1266 2950 .
1294 2942 1299 2952 .
1325 2897 1356 2951 et
1378 2890 1448 2952 Joa.
1475 2891 1509 2952 Β.
1536 2889 1680 2952 Schmall
1705 2939 1710 2950 .
1738 2941 1743 2951 .

344 2984 376 3042 in
400 2984 541 3040 cartusie
564 2977 773 3039 Gemnicensi
799 3026 805 3038 .
831 3025 838 3038 .
862 2996 891 3038 a.
918 2973 1000 3037 1677
1024 3022 1032 3038 .
1057 3023 1065 3037 .
1090 2979 1288 3038 derelictum.

452 3083 472 3146 1.
500 3083 668 3146 144-145
691 3087 747 3155 (z
760 3099 811 3160 pp.
837 3081 1022 3153 287-290)
1039 3080 1190 3160 Quinque
1211 3087 1440 3143 annotationes
1456 3099 1558 3160 super
1569 3085 1703 3142 nomina
1714 3087 1746 3141 et

344 3167 444 3230 v'erba
466 3171 617 3230 hebraico
640 3171 691 3229 vel
715 3171 812 3229 latino
836 3168 936 3229 modo
961 3169 1217 3246 pronuncianda.

452 3273 471 3334 l.
500 3271 667 3332 146-153
685 3271 738 3350 (z
752 3289 803 3350 pp.
821 3266 1006 3344 291-305)
1018 3271 1172 3334 Musices
1194 3273 1345 3335 choralis
1361 3272 1514 3335 Medulla
1537 3272 1612 3333 sive
1633 3271 1745 3334 totius

344 3365 468 3422 cantus
493 3358 698 3436 Gregoriani
721 3405 728 3419 .
754 3407 760 3420 .
786 3405 793 3418 .
816 3358 956 3419 traditio
980 3358 1023 3419 ad
1045 3375 1149 3419 usum
1173 3376 1200 3420 s.
1219 3361 1291 3421 ord.
1304 3359 1542 3422 Cartusiensis
1558 3374 1745 3420 accommo-

344 3447 420 3508 data
443 3453 475 3507 et
497 3451 693 3507 concinnata
716 3449 747 3505 in
771 3449 914 3506 cartusia
937 3443 1098 3506 Seitzcnsi
1122 3463 1150 3506 a.
1179 3447 1270 3508 1699.
1294 3447 1360 3522 (Ad
1388 3448 1531 3507 calcem:
1559 3445 1745 3523 ›Descripsi

344 3535 431 3595 hunc
454 3533 593 3593 libellum
624 3537 656 3593 in
687 3537 828 3593 cartusie
858 3530 891 3594 S.
915 3529 1084 3593 Trinitatis
1108 3550 1208 3610 prope
1232 3533 1384 3602 Brunam,
1417 3534 1514 3594 nobis
1538 3551 1579 3594 ex
1603 3535 1745 3593 cartusia

344 3619 504 3681 Seitzensi
528 3623 759 3680 transmissum
783 3623 815 3680 et
837 3619 956 3678 ibidem
974 3619 1180 3697 probabiliter
1194 3625 1290 3681 etiam
1303 3624 1525 3698 compositum
1541 3638 1570 3682 a.
1590 3615 1673 3680 1727
1677 3643 1704 3678 ¹.
1719 3618 1744 3696 .)

453 3710 486 3766 ln
509 3709 558 3766 fol.
583 3725 643 3765 non
666 3725 745 3767 num.
769 3712 844 3764 inter
866 3725 913 3780 pp.
939 3711 1000 3767 290
1024 3717 1052 3764 et
1076 3710 1133 3764 291
1168 3711 1290 3781 inligato
1321 3710 1468 3765 occurrit:
1503 3709 1609 3781 »Lapis
1632 3709 1744 3780 Lydius

343 3797 472 3853 exercitii
496 3796 656 3867 spiritualis
687 3795 719 3852 R.
751 3795 780 3853 P.
812 3794 977 3852 Innocentii
1001 3797 1039 3852 Le
1062 3795 1184 3851 Messon
1208 3797 1352 3868 generalis
1376 3798 1488 3852 ordinis
1512 3795 1740 3852 Cartusiensis.«

343 3884 447 3940 Cetera
469 3883 539 3938 lolia
561 3886 700 3954 paginata
722 3898 817 3938 vacua
839 3890 918 3940 sunt.
943 3883 1086 3955 Operibus
1118 3899 1208 3953 supra
1229 3883 1384 3940 recensitis
1408 3883 1569 3955 praeligata
1592 3888 1661 3938 sunt
1684 3883 1743 3938 duo

343 3971 412 4027 lolia
435 3987 495 4026 non
519 3986 610 4040 num,
634 3984 758 4040 quorum
781 3969 810 4024 ln
827 3969 917 4024 altero
941 3971 1052 4043 aliquot
1075 3985 1179 4025 versus
1202 3971 1258 4025 sub
1280 3971 1366 4026 titulo
1385 3969 1745 4040 »Provisioproextrema

343 4074 428 4114 sacra
458 4059 615 4112 unctione«
648 4057 749 4128 scripti
779 4062 857 4127 sunt,
890 4057 972 4112 alteri
1002 4073 1070 4114 vero
1102 4057 1299 4127 adglutinatae
1332 4058 1349 4112 2
1382 4059 1524 4129 imagines
1556 4056 1691 4112 aGroos
1715 4061 1743 4111 et

343 4144 413 4200 Phil.
437 4143 536 4200 Kilian
560 4143 700 4214 sculptae.
726 4142 794 4198 Sine
817 4143 907 4198 dubio
931 4160 946 4198 e
970 4146 1098 4200 cartusie
1121 4143 1314 4204 Waldicensi.

352 4265 356 4276 ’
447 4312 529 4394 25⁰
955 4312 1052 4387 aa
1083 4312 1142 4387 za.

342 4453 449 4515 chart.
473 4472 558 4517 saec.
583 4454 652 4518 XV
669 4456 714 4537 ff.
737 4455 811 4530 320,
834 4453 872 4515 21
888 4453 978 4514 ><15
997 4470 1071 4524 cm.,
1115 4453 1305 4514 maxa'mam
1322 4455 1458 4532 partem
1494 4469 1517 4513 a
1566 4447 1673 4515 Cruce
1703 4451 1742 4512 de

347 4539 436 4603 Talea
459 4545 631 4605 exaratus.

450 4663 470 4724 I.
498 4661 634 4725 12--17b
657 4663 701 4725 M.
724 4663 883 4740 Procopii
899 4663 941 4723 de
961 4661 1146 4724 Kladrowa
1162 4661 1242 4741 (sic)
1259 4662 1374 4722 decani
1391 4663 1507 4723 eccles.
1527 4661 1618 4739 Prag.
1635 4659 1740 4721 Trac-

339 4755 436 4812 tatus
459 4751 500 4812 de
524 4751 707 4829 septuplici
731 4749 932 4828 acceptione
954 4747 1061 4809 huius
1085 4749 1240 4811 nomime
1263 4749 1412 4810 ecclesia
1444 4753 1479 4808 et
1508 4749 1552 4809 de
1585 4764 1741 4810 commu-

341 4838 448 4900 nione
482 4837 589 4899 unius
622 4837 761 4916 speciei.
808 4836 904 4910 (Huic
939 4840 1087 4896 tractatui
1117 4841 1259 4896 insertus
1291 4841 1342 4896 est
1371 4837 1451 4896 alter
1473 4835 1493 4896 l.
1523 4832 1656 4895 1b-s·:
1693 4833 1739 4896 M

340 4923 494 4986 Simonis
517 4925 559 4986 de
582 4925 745 4987 Tissnow
766 4923 947 4986 Tractatus
972 4923 1013 4983 de
1037 4921 1210 5000 ecclesia).
1259 4921 1416 5000 »Spiritus
1440 4922 1613 4983 manifeste
1638 4921 1736 4982 dicit«

341 5013 374 5074 ><
400 5011 461 5073 »ad
484 5017 584 5072 vitam
607 5018 750 5073 eternam
774 5010 911 5071 fidelIter
933 5013 1130 5088 pervenire«

1018 5233 1067 5284 100
