3974 6014
341 581 399 633 XlV

341 809 474 871 codices
498 813 674 871 maximam
699 815 822 887 partem
845 810 1009 870 veteribus
1033 811 1176 886 ligaturis
1200 810 1337 885 spoliati,
1362 811 1415 886 qui
1431 807 1519 868 unde
1539 811 1746 886 provenerint

341 917 541 991 ignoramus.
566 911 713 992 Quorum
737 913 887 974 codicum
905 916 933 973 si
950 912 1115 973 dimidiam
1139 921 1263 990 partem
1287 914 1494 971 monasteriis
1510 911 1742 990 addiderimus,

341 1021 426 1078 sicut
449 1033 549 1095 supra
571 1019 703 1079 alteram
727 1015 858 1078 Jesuitis
882 1014 1093 1079 Clementinis
1117 1015 1314 1089 addidimus,
1338 1017 1508 1093 apparebit
1531 1032 1664 1076 summa
1686 1033 1741 1078 co·

342 1121 452 1182 dicum
477 1125 718 1182 emonasteriis
742 1126 951 1198 acceptorum
976 1120 1106 1198 paululo
1130 1125 1255 1180 tantum
1279 1121 1391 1193 maior,
1416 1136 1515 1198 quam
1532 1120 1590 1181 fuit
1613 1137 1747 1182 summa

342 1226 493 1286 codicum
517 1227 699 1298 latinorum,
723 1228 777 1304 qui
794 1243 812 1286 e
829 1227 971 1303 pristinis
986 1227 1206 1286 universitatis
1223 1223 1365 1301 collegiis
1382 1229 1608 1302 provenerunt.
1633 1225 1743 1304 ltaque

341 1333 475 1392 omissis
498 1331 568 1390 aliis
592 1331 799 1390 incrementis
823 1329 1003 1390 minoribus
1026 1327 1208 1390 dimidiam
1226 1329 1361 1408 partem
1385 1327 1540 1388 codicum
1557 1329 1744 1391 latinorum

341 1450 358 1494 a
379 1433 609 1510 monasteriis,
643 1435 792 1496 alteram
815 1450 831 1495 c
850 1432 1005 1514 pristinis
1037 1433 1268 1494 univcrsitatis
1302 1432 1451 1512 collegiis
1472 1433 1568 1495 nohis
1590 1433 1747 1515 obtigisse

333 1536 446 1617 facilc
462 1537 641 1618 probatur.
1370 1557 1373 1564 ’

448 1641 513 1705 Ubi
537 1647 675 1722 primum
700 1643 913 1703 bibliothecae
944 1647 1076 1703 nostrae
1103 1639 1260 1702 officiales
1283 1641 1325 1701 ab
1348 1644 1469 1718 ingenti
1493 1642 1612 1716 labore,
1645 1659 1742 1722 quem

341 1753 373 1810 in
397 1748 600 1826 recipiendis
623 1747 834 1828 ordinandis
863 1745 1087 1807 describendis
1122 1745 1325 1806 diversorum
1360 1750 1632 1808 monasteriorum
1656 1736 1742 1808 libris

341 1857 625 1930 consumpserant,
650 1851 817 1930 paululum
841 1853 1090 1928 respiraverunt,
1123 1848 1272 1910 secundo
1296 1866 1383 1910 saec.
1406 1847 1482 1910 XlX
1505 1851 1665 1912 decennio
1689 1868 1743 1913 co·

342 1956 470 2017 dicibus
493 1971 624 2034 quoque
648 1971 750 2016 manu
773 1957 901 2033 scriptis
924 1953 1114 2015 ordinandis
1139 1959 1170 2014 et
1193 1953 1420 2015 describendis
1444 1972 1578 2034 operam
1613 1957 1743 2032 dabant,

342 2063 419 2139 quia
441 2057 683 2122 Scherschnikii
707 2059 886 2137 catalogus,
921 2059 961 2120 de
985 2075 1051 2139 quo
1076 2075 1175 2138 supra
1209 2059 1362 2132 diximus,
1397 2063 1492 2138 copia
1514 2061 1665 2122 codicum
1688 2077 1744 2139 ge·

342 2169 464 2226 minata
486 2169 517 2226 et
539 2167 571 2226 in
602 2165 776 2244 ampliores
809 2163 933 2224 forulos
967 2167 1089 2242 pristini
1124 2167 1249 2224 musaei
1286 2163 1745 2226 mathematico-astronomici

341 2274 558 2347 transportata
580 2273 644 2329 iam
661 2283 775 2347 pamm
799 2269 941 2329 utilitatis
965 2268 1148 2347 praebebat.
1174 2266 1315 2347 Quando
1332 2269 1394 2329 hoc
1411 2284 1496 2346 opus
1512 2269 1742 2336 inchoaverint,

341 2379 431 2435 certo
454 2376 631 2447 nescimus,
664 2373 724 2433 sed
747 2371 790 2434 ad
813 2371 912 2433 finem
944 2371 1151 2432 deduxerunt
1172 2389 1202 2432 a.
1230 2372 1321 2444 1819,
1346 2377 1381 2434 ut
1404 2372 1546 2434 declarat
1577 2373 1744 2434 decretum

341 2495 367 2539 c.
393 2495 416 2539 r.
433 2478 578 2556 gubemii
595 2477 623 2538 7.
639 2478 727 2556 april.
752 2477 899 2538 eiusdem
923 2481 1000 2538 anni
1023 2477 1235 2536 biblothecae
1259 2481 1391 2538 nostrae
1408 2469 1621 2554 redditum.²⁹)
1645 2475 1744 2556 Quod

341 2599 436 2661 opuS,
453 2586 603 2662 quamvis
620 2585 708 2660 parvi
726 2585 767 2642 sil
784 2584 885 2660 pretii,
902 2579 1062 2642 loannem
1079 2580 1380 2642 Zimmermannurn
1398 2585 1598 2660 scriptorem,
1623 2585 1743 2660 quippe

341 2690 394 2766 qui
418 2687 551 2747 demum
575 2685 716 2747 turulfi
744 2685 824 2747 1815
849 2683 1062 2746 bibliothecae
1085 2689 1217 2745 nostrae
1241 2685 1416 2746 adiunctus
1441 2689 1491 2760 sit,
1515 2687 1622 2746 solum
1641 2685 1713 2763 perf
1733 2718 1743 2728 ·

339 2793 426 2852 cisse
449 2793 581 2852 minime
604 2791 647 2851 ad
669 2805 782 2850 verum
806 2789 947 2861 accedit;
981 2805 1062 2849 sane
1086 2791 1235 2850 maxima
1258 2805 1333 2866 pars
1358 2789 1554 2850 schedarum
1578 2789 1745 2868 descripti·

338 2909 463 2968 varum,
488 2894 640 2972 equibus
665 2899 780 2972 postea
803 2891 953 2954 codicum
978 2893 1115 2970 catalogi
1140 2897 1282 2954 contexti
1306 2899 1392 2968 sunt,
1417 2897 1520 2972 ipsius
1544 2909 1645 2955 manu
1668 2911 1746 2955 exa-

340 3005 409 3059 rata
432 3003 491 3058 est.
515 2997 546 3060 ls
569 3001 666 3059 nimis
689 2999 840 3058 celeritati
864 2997 1003 3058 studens
1026 3011 1140 3076 parum
1165 2997 1346 3074 diligentiae
1370 2997 1555 3072 adhibebat,
1581 2999 1670 3077 quod
1694 3001 1744 3059 in-

341 3106 452 3181 primis
487 3101 697 3163 manifestum
721 3105 825 3162 estin
851 3100 964 3162 forulis
987 3101 1008 3174 l,
1042 3099 1354 3176 V1‚vrl,xl-xv
1385 3101 1517 3162 codices
1553 3106 1744 3164 monasteri·

341 3223 434 3268 orum
458 3205 532 3268 inde
555 3205 597 3266 ab
613 3223 642 3266 a.
664 3203 744 3267 1782
760 3206 954 3268 abolitorum
978 3205 1342 3284 comprehendentibus,
1367 3209 1399 3266 in
1423 3207 1542 3285 quibus
1566 3210 1745 3267 maximam

342 3317 463 3388 partem
487 3327 623 3389 operum
655 3313 779 3371 tantum
810 3311 974 3370 initialium
1008 3313 1087 3370 ratio
1111 3311 1221 3370 habita
1244 3315 1303 3370 est.
1343 3309 1377 3370 ln
1401 3309 1624 3371 describendis
1655 3311 1744 3371 codi-

343 3416 436 3476 cibus
469 3414 647 3476 forulorum
670 3409 791 3488 Ill-V,
826 3411 977 3484 Vlll-X,
1013 3418 1067 3492 qui
1101 3415 1200 3474 libros
1235 3412 1430 3474 Jesuitarum
1465 3411 1743 3475 Clementinorum

344 3534 444 3580 manu
468 3521 607 3596 scriptos
630 3521 806 3578 maximam
830 3523 953 3595 partem
977 3518 1268 3596 comprehendunt,
1293 3523 1446 3596 exoptato
1469 3517 1666 3578 adminiculo
1690 3535 1742 3578 ca·

343 3623 441 3700 talogi
465 3620 750 3684 Scherschnilriani
785 3638 868 3682 usus
892 3628 951 3688 est.
976 3625 1030 3700 qui
1062 3638 1137 3682 cum
1161 3622 1262 3682 multo
1297 3625 1479 3682 accuratior
1513 3627 1612 3691 esset,
1648 3624 1744 3682 corri-

344 3727 441 3804 gendi
465 3733 590 3787 tantum
613 3731 645 3785 et
668 3727 840 3804 supplendi
864 3741 985 3786 munus
1009 3729 1037 3786 ei
1061 3725 1250 3786 obeundum
1267 3731 1343 3788 erat„
1367 3723 1430 3788 Cui
1447 3731 1572 3786 muneri
1589 3725 1744 3786 Zimmer-

343 3847 484 3892 mannus
500 3835 616 3891 noster
627 3833 758 3890 minime
774 3829 940 3890 satisfecit.
964 3827 1009 3890 Ut
1031 3835 1194 3908 appareat,
1219 3845 1317 3908 quam
1340 3831 1412 3890 vilis
1436 3845 1536 3907 opera
1551 3832 1622 3890 eius
1638 3827 1744 3904 fuerit,

345 3935 491 3995 codicem
526 3933 607 3994 1925
641 3939 742 4009 (nunc
777 3932 816 3994 X.
840 3932 876 3994 E.
901 3933 952 4007 24,
986 3933 1074 4012 apud
1106 3931 1395 3995 Scherschnilrium
1418 3932 1455 3994 Y.
1479 3933 1500 3996 l.
1529 3935 1555 3994 1.
1579 3951 1610 3994 n.
1634 3932 1654 3994 3
1679 3936 1744 4012 sig·

344 4037 470 4117 natum)
501 4039 723 4118 producimus
755 4041 849 4099 cuius
880 4053 965 4116 opus
989 4041 1128 4116 primum
1152 4039 1214 4098 sub
1236 4043 1368 4098 auctore
1401 4037 1513 4099 »Petro
1538 4037 1740 4099 Lombardo‹

343 4147 374 4205 in
388 4145 571 4221 catalogum
595 4145 699 4204 retulit
720 4141 804 4202 falso
827 4159 914 4204 anno
942 4141 1022 4204 1407
1046 4141 1166 4214 addito,
1191 4157 1390 4220 quamquam
1414 4145 1445 4202 in
1462 4143 1611 4220 catalogo
1628 4140 1743 4205 Scher-

346 4249 539 4309 schnikiano
563 4253 648 4308 recte
670 4247 832 4308 inducitur
858 4245 1034 4307 »Johannis
1057 4245 1129 4307 Hus
1153 4245 1286 4306 Lectum
1318 4244 1379 4324 (sic
1404 4263 1461 4323 pro
1485 4247 1619 4320 lectura)
1644 4264 1745 4326 super

346 4353 355 4414 l
380 4350 639 4414 Sententiarum«
665 4367 740 4411 cum
764 4355 850 4412 iusto
873 4367 961 4412 anno
990 4350 1079 4411 1412.
1104 4350 1227 4412 ibidem
1260 4355 1344 4411 recte
1375 4353 1564 4429 inscriptum
1589 4367 1674 4429 opus
1699 4353 1742 4411 al-

344 4461 448 4517 terum
476 4454 650 4516 »Eiusdem
674 4453 830 4516 Defensio
854 4455 921 4515 libri
946 4455 986 4514 de
1009 4451 1164 4515 Trinitate
1186 4453 1254 4514 Joa.
1279 4453 1432 4532 Vicleph‹
1467 4471 1621 4533 perverso
1644 4459 1743 4534 atque

345 4565 453 4639 inepto
477 4561 567 4620 titulo
595 4558 770 4621 >Johannis
793 4557 938 4638 Viclephi
961 4556 1117 4619 Defensio
1141 4559 1208 4618 libri
1229 4557 1269 4617 de
1285 4553 1439 4618 Trinitate
1455 4557 1613 4619 Johannis
1630 4559 1739 4620 Huss«

345 4667 548 4744 permutavit.
586 4663 708 4726 ibidem
737 4669 822 4724 recte
853 4666 1040 4741 inscriptam
1074 4661 1205 4723 »iacobi
1236 4663 1276 4722 de
1299 4659 1385 4723 illisa
1408 4661 1642 4726 Defensionem
1675 4666 1743 4726 libri

452 4885 492 4966 ²⁹)
515 4894 639 4950 Hanslilr
662 4895 694 4964 (l.
720 4911 745 4950 c.
774 4893 847 4965 131)
871 4893 1037 4963 catalogum
1062 4893 1197 4949 codicum
1221 4892 1378 4947 larinonrm
1402 4907 1428 4947 a.
1450 4891 1659 4948 1811-1818
1685 4894 1744 4948 ela-

346 4983 479 5037 boratum
503 4997 567 5037 esse
592 4981 723 5050 affirmat,
748 4979 833 5051 Spirlr
857 4988 953 5035 autern
977 4975 1009 5053 (1.
1034 4995 1059 5036 c.
1076 4973 1130 5054 44)
1153 4981 1311 5034 eorundem
1335 4979 1471 5034 codicum
1495 4979 1661 5050 catalogum
1685 4980 1748 5035 iam.

345 5086 373 5126 a.
402 5067 481 5124 1815
506 5067 673 5123 absolutum
697 5083 762 5123 esse
785 5067 860 5122 falso
882 5067 1027 5137 opinatur.
