3974 6014
313 593 394 646 Xl'lll

314 823 412 885 quam
437 819 571 884 prorsus
595 804 710 866 nullae.
758 804 844 884 Quin
867 807 1058 884 corrigenda
1080 813 1112 867 et
1134 807 1287 868 addenda
1318 813 1349 867 in
1373 808 1438 868 line
1468 809 1536 869 libri
1567 811 1643 870 ante
1669 813 1714 868 in-

312 911 416 971 dicem
441 912 548 986 posita
570 908 743 986 plurimum
777 913 888 988 augeri
913 914 1048 988 possint,
1085 927 1293 990 nequaquam
1329 912 1452 983 dubita,
1488 912 1547 972 sed
1571 930 1590 972 a
1614 915 1712 976 bene·

311 1015 394 1076 volis
418 1021 450 1074 et
473 1017 516 1072 rei
540 1015 649 1090 peritis
672 1013 810 1087 arbitris
836 1017 863 1073 si
886 1017 917 1074 in
941 1019 1031 1075 tanto
1063 1020 1095 1076 et
1128 1021 1193 1076 tam
1228 1015 1380 1076 diuturno
1415 1016 1525 1076 labore
1560 1033 1712 1077 nonnuu⁴

312 1135 409 1198 quam
435 1117 687 1185 dormitaverim,
711 1121 840 1177 veniam
866 1123 950 1195 peto

415 1237 501 1299 Huic
524 1237 672 1315 catalogo
695 1241 728 1297 in
751 1236 816 1298 fine
840 1239 1006 1298 subiectae
1023 1244 1100 1299 sunt
1115 1239 1264 1299 diversae
1287 1240 1425 1314 tabulae,
1451 1256 1589 1319 quarum
1605 1244 1709 1318 prima

312 1341 417 1416 docet,
440 1341 529 1403 unde
552 1341 747 1402 bibliotheca
770 1347 883 1402 nostra
905 1343 1036 1403 codices
1060 1345 1177 1404 latinos
1201 1348 1370 1420 acceperit,
1395 1323 1510 1404 ceteris
1534 1347 1628 1423 quasi
1642 1345 1705 1404 sub

312 1463 378 1506 uno
402 1450 540 1524 aspectu
563 1451 729 1523 ponuntur
751 1445 785 1519 2)
808 1435 940 1506 codices
963 1447 1049 1507 latini
1074 1463 1160 1507 saec.
1184 1444 1257 1508 XIV
1279 1451 1488 1525 antiquiores,
1520 1446 1554 1520 3)
1577 1447 1710 1509 codices

312 1553 398 1610 latini
422 1551 533 1611 litteris
556 1550 729 1610 initialibus
765 1554 857 1627 pictis
892 1551 943 1610 vel
975 1550 1171 1629 imaginibus
1206 1554 1362 1624 exornati,
1396 1550 1430 1624 4)
1455 1551 1588 1612 codices
1623 1535 1712 1612 lat'ini

312 1655 482 1716 bohemice
505 1655 640 1731 glossati
664 1655 715 1713 vel
738 1655 927 1732 interpolati,
951 1654 986 1729 5)
1009 1655 1141 1715 codices
1172 1655 1268 1731 latini,
1300 1656 1418 1734 quibus
1453 1653 1599 1715 admixta
1634 1657 1712 1716 sunt

312 1759 472 1837 opuscula
494 1758 676 1833 bohemica,
700 1756 734 1833 6)
758 1757 890 1818 codices
925 1761 1011 1820 latini
1044 1761 1228 1838 germanice
1262 1759 1397 1836 glossati
1432 1759 1483 1818 vel
1518 1759 1708 1836 interpolati,

312 1863 345 1938 7)
369 1864 502 1924 codices
526 1863 624 1933 latini,
659 1862 778 1940 quibus
802 1863 947 1922 admixta
981 1869 1058 1924 sunt
1091 1864 1252 1942 opuscula
1284 1866 1480 1940 germanica,
1516 1862 1551 1934 8)
1575 1863 1708 1923 codices

311 1969 408 2042 latini,
432 1970 465 2027 in
490 1966 609 2044 quibus
632 1969 744 2027 insunt
779 1968 940 2044 opuscula
974 1972 1060 2046 typis
1095 1984 1219 2027 excusa
1252 1969 1303 2028 vel
1337 1970 1496 2044 imagines
1531 1969 1618 2044 ligno
1653 1973 1710 2026 aut

311 2073 376 2132 aeri
399 2075 532 2147 incisae,
555 2069 590 2148 9)
613 2070 746 2130 codices
769 2070 865 2148 latini,
901 2088 1040 2151 quorum
1064 2073 1224 2150 operculis
1254 2071 1394 2148 adligata
1427 2071 1479 2130 vel
1509 2071 1710 2147 adglutinata

311 2181 389 2236 sunt
411 2175 592 2253 fragmenta
615 2174 766 2234 hebraica
789 2179 820 2234 et
842 2175 995 2253 liturgica.
1042 2175 1210 2236 Postremo
1246 2178 1391 2253 sequitur
1413 2175 1510 2234 unico
1534 2168 1708 2251 alphabeto

311 2287 485 2340 contextus
509 2279 607 2340 index
632 2277 856 2356 personarum,
880 2281 1035 2358 locorum,
1067 2297 1172 2341 rerum
1197 2297 1217 2340 a
1240 2278 1317 2339 Phil.
1343 2277 1406 2338 Dre
1429 2276 1477 2338 Vl.
1503 2275 1607 2355 Kybal
1632 2283 1708 2336 conss

310 2387 471 2458 cinnatuS,
496 2383 536 2442 de
560 2399 635 2461 qu0‚
671 2399 746 2442 cum
771 2397 833 2442 sua
866 2383 1120 2460 praefatiuncula
1152 2385 1331 2445 instructus
1366 2381 1415 2456 sit,
1451 2381 1503 2441 hic
1539 2382 1708 2457 copiosius

312 2487 419 2546 dicere
444 2485 654 2564 supersedeo.
1665 2493 1668 2498 '

415 2986 535 3060 Restat,
560 2992 595 3046 ut
617 2990 738 3064 gratias
751 3004 874 3066 easque
887 2991 1048 3048 maximas
1064 3005 1160 3065 agam
1176 2988 1253 3048 viris
1278 2987 1318 3051 de
1342 2988 1405 3048 hoc
1421 2987 1570 3061 catalogo
1587 2987 1708 3061 optime

310 3095 440 3166 meritis,
466 3093 519 3168 qui
544 3091 652 3167 plures
677 3097 765 3163 sunt,
797 3107 895 3168 quam
925 3096 961 3150 ut
982 3107 1099 3152 omnes
1130 3092 1310 3152 enumerari
1346 3093 1482 3169 possint.
1530 3087 1628 3166 Quod
1651 3102 1707 3146 co·

310 3195 400 3256 dices
424 3201 556 3254 nostros
581 3209 681 3254 manu
705 3197 845 3272 scriptos
868 3198 1052 3256 accuratius
1075 3195 1258 3257 describere
1289 3199 1391 3273 coepi,
1423 3197 1570 3272 inprimis
1602 3191 1709 3252 excel-

309 3299 480 3359 lentissimi
504 3301 560 3358 viri
578 3295 688 3358 GUlL.
706 3315 757 3376 eq.
773 3296 954 3376 HARTEL‚
972 3315 1000 3359 c.
1017 3317 1039 3359 r.
1057 3300 1245 3361 eruditionis
1270 3300 1417 3377 publicae
1434 3301 1580 3372 ministri,
1605 3295 1707 3356 lavori

309 3411 341 3464 et
364 3402 610 3464 benevolentiae
635 3402 779 3476 debetur,
814 3406 868 3481 qui
900 3404 976 3462 mihi
1011 3403 1051 3462 de
1086 3404 1147 3462 hoc
1179 3419 1276 3481 opere
1311 3405 1461 3482 cogitanti
1496 3419 1562 3463 non
1598 3401 1705 3460 solum

310 3507 467 3567 benevole
490 3509 612 3578 annuit,
637 3505 696 3564 sed
721 3509 817 3565 etiam
840 3508 979 3584 catalogi
1001 3511 1087 3584 typis
1111 3507 1295 3566 excudendi
1327 3523 1386 3584 spe
1409 3511 1473 3566 iam
1506 3511 1574 3566 tum
1608 3506 1703 3578 illata,

309 3618 344 3672 ut
367 3616 410 3670 ita
432 3609 550 3684 dicam,
574 3609 711 3670 calcaria
734 3608 867 3672 addidit.
901 3607 1044 3669 Easdem
1067 3613 1187 3688 gratias
1211 3609 1313 3670 relero
1337 3609 1611 3670 excellentissimo
1635 3612 1706 3668 eius

308 3715 447 3776 antehac
461 3713 603 3790 collegae
622 3710 719 3774 ANT.
733 3711 881 3789 REZEK,
898 3717 963 3792 qui,
980 3717 1014 3773 ut
1029 3718 1080 3773 est
1091 3717 1289 3790 antiquitatis
1306 3717 1515 3790 investigator
1531 3713 1707 3792 diligentis·

309 3821 423 3892 simuS,
437 3820 583 3877 instituto
596 3833 670 3876 meo
683 3815 929 3877 contentissime
943 3815 1139 3894 suffragatus
1152 3823 1210 3876 est.
1225 3813 1337 3894 Neque
1350 3821 1445 3876 etiam
1460 3816 1549 3876 domi
1561 3815 1706 3877 fautores

308 3921 458 3982 benevoli
474 3927 506 3980 et
521 3920 685 3980 adiutores
703 3936 809 3980 rerum
833 3923 1015 3997 peritissimi
1032 3920 1109 3980 mihi
1132 3919 1275 3981 deerant.
1306 3919 1410 3979 Primo
1427 3920 1619 3981 doctissimo
1636 3925 1706 3982 viro

310 4022 417 4086 RICH.
442 4021 631 4098 KUKULA,
648 4023 861 4083 bibliothecae
884 4028 1015 4082 nostrae
1032 4021 1194 4099 praesecto
1218 4025 1383 4094 acerrima,
1401 4025 1574 4100 plurimum
1591 4026 1707 4101 debe0‚

308 4133 372 4208 qui,
387 4133 544 4207 quantum
561 4127 629 4187 fieri
644 4133 777 4206 poterat,
797 4128 939 4186 laborem
960 4142 1069 4186 meum
1084 4127 1276 4186 sublevabat
1298 4125 1459 4187 adiunctis
1476 4127 1552 4187 mihi
1566 4132 1704 4208 singulis

308 4233 424 4293 diebus
441 4249 498 4310 per
520 4247 619 4292 unam
644 4233 757 4292 horam
781 4231 994 4291 bibliothecae
1014 4228 1217 4301 officialibus,
1234 4229 1289 4306 qui
1310 4231 1418 4290 titulos
1443 4247 1579 4308 operum
1604 4249 1705 4294 manu

308 4340 501 4414 scriptorum
514 4353 532 4394 e
545 4335 677 4395 schedis
690 4337 772 4394 meis
786 4334 1036 4395 transcriberent
1048 4338 1079 4392 et
1091 4336 1122 4392 in
1136 4332 1281 4392 ordinem
1294 4333 1457 4410 alphabeti
1470 4334 1659 4412 digererent,
1673 4339 1706 4399 id

308 4440 396 4519 quod
410 4439 487 4500 mihi
503 4437 545 4498 ad
562 4454 647 4516 opus
664 4437 923 4516 promovendum
937 4437 1081 4496 maximo
1094 4439 1166 4495 usui
1180 4441 1255 4495 erat.
1273 4434 1321 4495 Eo
1334 4437 1434 4496 modo
1448 4441 1570 4515 partitis
1583 4447 1707 4520 tempo-

308 4545 397 4604 ribus
421 4543 453 4604 hi
478 4543 621 4621 collegae
655 4544 844 4602 amicissimi
879 4557 930 4601 me
954 4541 1129 4600 iuvabant:
1165 4538 1244 4598 Boh.
1270 4519 1409 4600 Cermak
1433 4541 1466 4617 (†
1493 4541 1598 4616 1899),
1633 4544 1705 4608 Joh.

307 4629 453 4726 Siastny,
479 4645 560 4707 Boh.
584 4643 735 4719 Navratil,
772 4643 821 4704 Fr.
846 4639 1036 4713 Studnidka
1072 4641 1154 4703 Guil.
1178 4640 1305 4719 Herzig.
1341 4645 1460 4721 quibus
1484 4644 1548 4705 hoc
1571 4664 1703 4728 quoque

307 4754 379 4814 loco
403 4752 530 4813 debitas
553 4753 673 4829 gratias
698 4748 809 4809 refero.
856 4746 1030 4826 Suppetias
1054 4763 1176 4824 easque
1208 4750 1369 4807 maximas
1393 4747 1470 4808 mihi
1494 4751 1606 4811 crebro
1630 4753 1707 4814 alie·

306 4858 421 4920 rebant
443 4859 500 4916 viri
525 4855 794 4933 praestantissimi
818 4857 914 4930 atque
939 4851 1118 4911 doctissimi
1141 4847 1225 4909 JAR.
1243 4847 1365 4919 GOLL,
1389 4854 1608 4914 universitatis
1633 4856 1705 4917 Pra-

306 4965 419 5038 gensis
443 4959 612 5038 professor
634 4958 857 5035 dignissimus,
882 4963 913 5015 et
937 4953 1055 5015 FERD.
1080 4952 1238 5028 TADRA,
1262 4953 1385 5032 collega
1402 4958 1632 5032 suavissimus,
1661 4961 1703 5022 ad

307 5081 445 5144 quorum
470 5068 569 5124 nutus
593 5061 768 5122 nonnullos
792 5075 916 5119 errores
941 5061 1131 5136 tempestive
1154 5060 1280 5118 evitavi.
1312 5055 1550 5120 Consummato
1574 5064 1706 5125 tandem
