3974 6014
872 571 914 632 99

294 783 457 854 Responsio
481 782 564 852 haec,
588 797 676 852 quam
700 797 736 838 ex
760 782 818 836 alio
842 784 943 838 codice
967 783 1043 839 edid.
1068 781 1190 838 Loserth
1205 783 1314 839 Archiv
1329 782 1348 839 1.
1366 783 1467 839 dsterr.
1485 781 1591 841 Gesch.

191 869 244 937 75,
267 870 329 925 344
352 885 407 940 sq„
430 872 540 940 scripta
562 875 607 924 est
629 875 733 924 contra
750 868 983 940 »Replicationes
998 868 1259 940 Wicletistarum«‚
1276 885 1350 941 quas
1367 868 1444 926 edid.
1464 868 1593 941 Paracky'

191 957 315 1013 Docum.
339 973 367 1028 p.
392 956 465 1012 495.

294 1141 346 1222 W
801 1140 958 1216 luo

189 1283 299 1343 clrcrt.
323 1301 355 1343 a.
379 1282 466 1344 1392
476 1281 522 1364 ff.
546 1283 736 1354 1151111111,
759 1279 987 1344 30)(20111.
1012 1283 1030 1342 1
1055 1299 1100 1342 m.

293 1401 396 1464 Liber
417 1403 622 1465 eruditionis
645 1401 841 1481 principum
864 1399 1030 1480 (Thomae
1053 1402 1097 1465 de
1119 1401 1283 1482 Aquino).

293 1507 314 1568 1.
343 1509 374 1567 l¹
399 1507 530 1586 »Incipit
552 1509 708 1588 prologus
733 1555 741 1570 .
766 1555 772 1568 .
799 1554 805 1568 .
830 1505 914 1568 Cum
931 1524 1007 1585 pars
1030 1507 1161 1568 illustris
1185 1507 1321 1568 ecclesie
1339 1512 1381 1568 sit
1396 1513 1488 1568 cetus
1506 1511 1589 1585 prin-

189 1599 317 1673 cipum«
343 1593 420 1656 >(1.
449 1595 525 1656 115·
551 1595 707 1672 »Explicit
740 1595 819 1654 liber
852 1593 1047 1654 erudlcionls
1075 1597 1265 1672 principum.
1290 1593 1489 1655 Benedictus
1506 1595 1590 1654 deus

189 1685 244 1759 qui
268 1685 386 1760 incepit
409 1688 440 1742 et
463 1682 637 1760 complevit
658 1681 774 1742 Amen.
799 1680 1072 1742 Perberonenses.
1097 1682 1193 1742 Anno
1217 1681 1247 1742 d.
1276 1681 1357 1741 1392
1380 1679 1493 1742 finitus
1516 1681 1594 1741 leria

189 1773 301 1846 quinta
323 1773 400 1847 post
422 1767 543 1829 festum
567 1769 803 1847 penthecosten
820 1785 877 1846 per
891 1766 1057 1828 Bartham
1078 1767 1193 1830 Beron
1218 1816 1224 1829 .
1250 1815 1258 1828 .
1284 1795 1309 1828 .«
1336 1771 1459 1842 (cetera
1474 1772 1592 1842 erasa).

189 1852 297 1933 (Opus
320 1855 383 1914 hoc
407 1854 448 1915 ab
472 1857 543 1915 aliis
566 1853 727 1915 Guilelmo
751 1853 886 1914 Peraldo
909 1860 942 1915 et
964 1853 1013 1914 Fr.
1038 1853 1184 1915 Huberto
1208 1855 1277 1916 ord.
1303 1855 1412 1934 praed.
1438 1858 1593 1933 magistro

74 1939 77 1944 ’
188 1943 391 2014 attribuitur).

293 2047 395 2103 Codex
418 2064 497 2106 saec.
533 2047 588 2104 XV
618 2055 744 2106 monast.
775 2047 982 2120 Tiebonensis,
1017 2051 1084 2105 dein
1107 2049 1177 2106 bibl.
1202 2049 1446 2120 Rosenbergicae,
1471 2063 1592 2119 exque

187 2135 340 2190 restitutus
363 2142 490 2194 monast.
516 2136 646 2207 praelato
669 2143 818 2208 postremo
843 2137 880 2190 ad
903 2152 958 2191 nos
982 2139 1121 2208 pervenit.

292 2319 346 2400 w
801 2321 957 2398 lua

189 2457 331 2520 membr.
356 2463 386 2520 et
408 2461 516 2522 chart.
540 2478 627 2522 saec.
652 2459 689 2522 X
693 2460 721 2520 V
728 2461 776 2543 ff.
799 2462 874 2536 221,
895 2461 1038 2524 30)(22
1060 2479 1122 2523 cm.
1146 2461 1163 2523 1
1190 2480 1236 2524 m.

289 2579 461 2642 Homiliae
491 2581 807 2660 quadragesimales
837 2581 1057 2644 diversorum
1079 2581 1137 2644 SS.
1161 2587 1309 2661 patrum.
1345 2582 1502 2662 (Maioris
1526 2583 1593 2645 col-

188 2665 350 2728 lectionis
373 2684 455 2745 pars
477 2665 527 2744 n.
551 2674 587 2729 ut
609 2669 706 2730 docet
727 2673 806 2730 nota
829 2673 861 2729 in
885 2670 1038 2747 operculo
1062 2673 1244 2747 superiori.)

291 2770 312 2830 1.
340 2771 372 2830 1²
399 2770 509 2833 »Fen'a
532 2777 646 2851 quarta
668 2772 735 2846 (die
758 2777 917 2846 cinerum)
944 2771 1062 2834 Omilia
1088 2771 1122 2835 S.
1150 2776 1343 2854 Augustini«
1371 2821 1377 2834 .
1403 2821 1410 2835 .
1436 2821 1443 2835 .
1467 2773 1489 2834 i.
1513 2773 1593 2834 2211

193 2854 357 2918 »Sabbato
381 2858 515 2936 pasche.
540 2857 656 2921 Sermo
680 2861 710 2921 b.
734 2859 882 2922 leronimi
906 2861 1033 2938 presb«
1056 2908 1062 2922 .
1083 2909 1089 2922 .
1109 2909 1117 2923 .
1136 2861 1301 2940 (Explicit)
1328 2859 1502 2922 »Secunda
1517 2877 1593 2939 pars

191 2944 378 3004 omeliarum
402 2963 422 3006 a
441 2949 546 3024 capite
569 2949 707 3008 ieiunii«.
732 2951 823 3022 (rubr.
837 2951 860 3020 ε)
886 2945 999 3007 »Liber
1021 2953 1209 3009 monasterii
1231 2949 1352 3009 domus
1376 2945 1410 3009 S.
1434 2947 1537 3030 Egidii
1560 2951 1593 3008 in

190 3028 342 3092 Trzcbon
365 3031 445 3093 alias
468 3036 501 3094 in
523 3031 702 3111 Witignaw
717 3036 949 3095 canonicorum
970 3035 1069 3112 regul.
1087 3035 1155 3096 ord.
1173 3033 1206 3096 S.
1223 3037 1398 3114 Augustini
1414 3039 1589 3113 episcopi«

293 3138 326 3194 ln
349 3140 488 3210 operculo
510 3141 637 3196 interiori
660 3141 733 3197 baec
756 3147 827 3196 nota
849 3143 993 3196 occurrit:
1019 3141 1214 3200 »A.o.1442
1240 3159 1342 3198 mense
1364 3141 1435 3197 Maii
1459 3147 1592 3214 portatus

191 3228 290 3295 perd.
315 3224 346 3282 L.
377 3225 462 3282 Liber
490 3229 661 3283 omeliarum
693 3229 827 3299 acapite
857 3229 956 3284 ieiunii
987 3245 1080 3300 usque
1112 3230 1224 3300 pascha
1245 3235 1373 3286 monast.
1397 3231 1427 3284 in
1450 3227 1592 3284 Treiebon

191 3314 318 3367 diocesis
342 3311 514 3384 Pragensis«
540 3315 652 3385 (cetera
673 3314 768 3385 legere
792 3330 852 3370 non
874 3315 1050 3386 potuimus).
1075 3315 1118 3372 Ex
1142 3324 1267 3375 monast.
1292 3313 1473 3371 Tlebonensl
1496 3317 1591 3370 codex

192 3405 290 3454 noster
319 3401 349 3454 in
380 3401 451 3458 bibl.
482 3401 728 3472 Rosenbcrgicam
750 3401 888 3473 pervenit,
912 3404 990 3458 unde
1021 3405 1172 3458 restitutus
1195 3409 1343 3474 postremo
1367 3404 1454 3458 nobis
1478 3402 1591 3473 obtigit.

294 3583 346 3665 W
801 3586 959 3662 103

191 3725 299 3785 chart.
322 3741 409 3786 saec.
434 3721 503 3786 XV
510 3725 558 3808 ff.
580 3727 646 3789 200
667 3745 772 3803 num„
793 3730 834 3791 31
849 3729 936 3790 ><22
958 3746 1021 3790 cm.
1044 3728 1066 3791 4
1087 3747 1132 3790 m.

291 3845 312 3906 1.
341 3842 459 3907 1-24b
481 3845 663 3911 Tractatus
686 3849 728 3912 de
751 3849 871 3913 decem
893 3851 1098 3930 praeceptis.
1126 3851 1230 3912 »Audi
1253 3851 1351 3913 lsrael
1367 3857 1519 3931 precepta
1535 3852 1591 3912 do-

193 3936 286 3992 mini«
302 3933 336 3991 ><
351 3937 527 3996 ›iactancia
557 3936 674 4014 spoliat
706 3937 873 3998 hominem
904 3955 925 3998 a
957 3943 1066 4016 gracia
1088 3939 1140 3999 dei
1164 3945 1196 4000 et
1218 3945 1355 4000 cetera«
1381 3940 1520 4014 (Auctor
1541 3945 1592 3999 est

192 4017 362 4082 Henricus
385 4020 427 4082 de
448 4019 640 4098 Frimaria).

294 4122 315 4184 1.
339 4123 521 4186 252--189a
543 4123 700 4204 Gregorii
721 4143 829 4206 papae
848 4127 873 4190 Ι.
895 4125 1041 4190 Moralia
1062 4145 1127 4190 seu
1142 4129 1316 4208 expositio
1331 4129 1368 4191 in
1382 4128 1510 4191 librum
1524 4129 1592 4192 Job

193 4209 331 4288 (absque
355 4211 538 4286 divisione).

291 4314 312 4375 1.
341 4312 541 4376 190³—200b
565 4315 731 4396 (Thomas
752 4317 953 4399 Aquinatis)
975 4318 1160 4398 Expositio
1189 4336 1296 4398 super
1317 4319 1463 4383 Cantica
1484 4320 1591 4383 canti·

195 4415 322 4460 corum.
359 4399 535 4464 »Salomon
565 4407 741 4482 inspiratus
772 4405 882 4466 divino
913 4411 1044 4485 spiritu«
1078 4407 1111 4464 ><
1137 4407 1198 4467 »ad
1225 4409 1418 4470 intuendum
1449 4424 1590 4487 supeme

194 4486 342 4548 clantatis
371 4488 506 4565 gloriam
536 4506 667 4568 semper
696 4491 828 4564 inhiare,
859 4493 901 4553 ad
925 4511 1024 4571 quam
1048 4510 1111 4554 nos
1135 4495 1311 4572 perducere
1336 4495 1485 4573 dignetur
1507 4501 1587 4556 etc«

194 4569 227 4633 ln
249 4577 384 4634 canticis
407 4579 478 4636 istis
502 4584 581 4656 peto
601 4593 659 4654 pro
683 4579 784 4638 tribus
808 4583 878 4639 istis
902 4585 963 4641 etc.
987 4585 1104 4653 (oratio
1127 4580 1335 4655 versificata).

295 4679 439 4751 Operculo
469 4695 565 4754 super.
597 4683 758 4754 adligatum
788 4691 832 4740 est
862 4685 1054 4756 fragmentum
1085 4687 1244 4744 membran.
1267 4687 1415 4744 literarum
1445 4688 1590 4746 Jobannis

197 4762 267 4820 Kbel
288 4767 424 4822 officialis
453 4769 512 4826 dat.
548 4769 628 4826 1391
652 4764 727 4840 (“1,)
749 4774 897 4843 quandem
928 4773 1007 4828 litem
1037 4775 1073 4828 de
1097 4775 1259 4829 scribendis
1282 4775 1328 4829 vel
1352 4777 1467 4846 scriptis
1491 4775 1590 4832 bibliis

198 4853 439 4922 componentium.
473 4853 550 4910 Huic
572 4855 643 4912 folio
666 4872 751 4912 verso
774 4873 869 4913 vacuo
892 4863 1040 4930 inscripsit
1062 4875 1168 4916 manus
1192 4877 1269 4918 saec.
1293 4860 1349 4915 XV
1371 4863 1470 4918 literas
1493 4864 1591 4918 indul·

199 4940 353 5005 gentiarum
377 4939 537 4998 Clementis
559 4958 663 5013 papae,
692 4960 817 5015 quarum
846 4945 933 5000 finem
964 4949 1031 5002 vide
1062 4947 1092 5002 in
1115 4949 1164 5004 lol.
1188 4947 1292 5002 ultimo
1316 4965 1410 5006 verso.
1444 4949 1589 5020 Operculo

200 5023 275 5081 inler.
299 5027 460 5097 adligatum
483 5035 527 5084 est
550 5029 600 5087 101.
625 5031 785 5088 membran.
809 5035 964 5088 cuiusdam
987 5035 1052 5090 libri
1072 5035 1198 5106 liturgici
1215 5050 1293 5093 saec.
1311 5033 1374 5103 XII,
1399 5052 1457 5108 quo
1474 5037 1588 5093 exorci-

876 5253 907 5300 31
