3974 6014
1582 562 1604 610 V

205 775 318 846 arium,
354 772 442 851 quod
466 771 581 832 dicitur
610 767 867 850 Vysehradense
900 777 944 846 (n.
980 773 1089 854 2426),
1125 791 1211 835 saec.
1246 771 1289 833 XI
1324 790 1374 834 ex.
1410 775 1603 835 nitidissime

206 882 383 948 exaratum,
419 875 508 954 quod
532 882 746 938 asseverante
780 878 959 939 honorabili
982 883 1051 939 viro
1074 883 1237 956 monsign.
1272 877 1298 938 F
1300 879 1366 940 erd.
1402 877 1529 940 Lehner
1562 895 1604 939 ex

206 979 337 1042 oilicina
372 985 559 1042 monasterii
595 978 805 1042 sazaviensis
839 999 867 1042 a.
909 981 985 1041 1421
1021 981 1189 1042 aHusitis
1226 983 1319 1043 diruti
1354 979 1509 1061 proditi)
1544 982 1603 1043 sed

206 1085 301 1145 nobis
324 1085 454 1146 aliunde
487 1087 607 1163 obtigit.
653 1083 704 1146 Ex
734 1089 933 1146 monasterio
965 1083 1198 1163 Opatovicensi
1230 1087 1346 1148 eodem
1379 1102 1467 1148 anno
1489 1103 1510 1146 a
1533 1086 1606 1148 Pra-

205 1189 363 1265 gensibus
387 1195 515 1262 exuste,
540 1195 698 1268 quantum
723 1193 835 1260 sciam,
860 1193 993 1249 unicum
1018 1190 1231 1251 homiliarium
1263 1208 1349 1251 saec.
1373 1189 1429 1251 Xli
1453 1193 1498 1265 (11.
1522 1189 1607 1254 5091

207 1293 377 1354 habemus,
423 1293 474 1355 Ex
498 1295 692 1355 bibliotheca
726 1294 924 1354 celeberrimi
948 1293 1097 1355 coenobii
1120 1294 1222 1355 Aulae
1247 1293 1365 1373 Regiae
1388 1312 1419 1354 a.
1448 1293 1607 1356 142011-

208 1400 296 1456 tincti
319 1396 378 1457 sed
402 1404 519 1476 postea
541 1401 710 1460 instaurati
732 1415 773 1460 ne
797 1398 873 1458 illud
905 1398 1038 1476 quidem
1062 1399 1230 1459 bibliorum
1255 1415 1375 1477 corpus
1400 1399 1603 1460 membrana-

207 1515 300 1560 ceum
336 1515 396 1562 sex
427 1507 600 1576 tomorum,
636 1503 724 1582 quod
748 1509 783 1564 ut
806 1505 973 1581 pristinam
1006 1503 1236 1580 supellectilem
1273 1503 1426 1563 monachi
1456 1520 1485 1564 a.
1523 1501 1603 1563 1447

207 1621 227 1664 a
261 1605 436 1682 collegiatis
477 1604 690 1668 Nazaretanis
732 1609 945 1681 redemerant,
986 1607 1028 1668 ad
1062 1623 1125 1668 nos
1160 1610 1311 1684 pervenit.
1358 1605 1409 1666 Ex
1442 1603 1602 1667 insulensi

207 1713 405 1771 monasterio
429 1729 458 1771 a.
487 1709 569 1771 1420
592 1712 697 1772 diruto
731 1717 884 1792 perpauci
919 1713 1061 1784 codices,
1096 1717 1131 1771 ut
1154 1728 1195 1772 ex
1219 1711 1323 1772 indice
1359 1709 1489 1788 patebit,
1524 1726 1599 1770 cum

206 1813 294 1872 libris
317 1819 505 1875 monasterii
530 1833 555 1877 s.
580 1815 739 1877 Johannis
776 1819 858 1878 »sub
882 1835 979 1896 rupe«
1006 1817 1102 1877 nobis
1125 1817 1316 1893 obtigerunt.
1352 1813 1601 1876 Emonasterio

207 1923 316 1977 autem
341 1919 528 1979 monialium
553 1937 579 1979 s.
604 1917 734 1998 Georgii
757 1924 789 1982 in
813 1927 922 1982 castro
956 1919 1109 1998 Pragensi
1139 1920 1335 1980 luculentam
1370 1919 1521 1980 codicum
1555 1922 1602 1979 in-

208 2023 319 2098 primis
356 2023 575 2100 liturgicorum
610 2027 738 2101 copiam
774 2025 984 2097 obtinuimus
1009 2041 1027 2085 e
1052 2023 1171 2102 quibus
1205 2023 1238 2082 hi
1272 2025 1414 2082 maxime
1449 2025 1601 2095 eminent,

206 2140 291 2204 quos
316 2123 529 2206 Cunegundis
552 2127 730 2200 abbatissa,
755 2125 931 2208 Piemyslai
955 2126 1130 2190 Otacarili.
1156 2131 1242 2205 regis
1259 2127 1324 2188 iiiia
1347 2125 1601 2202 (1302-1321),

207 2231 399 2292 scribendos
423 2236 555 2292 curavit.
580 2232 623 2292 At
646 2232 686 2293 de
710 2233 773 2294 hoc
796 2237 994 2294 monasterio
1017 2231 1100 2294 inira
1123 2233 1281 2304 dicemus
1305 2247 1423 2310 nempe
1446 2234 1498 2291 cui
1521 2230 1604 2291 bella

208 2334 248 2394 de
272 2336 424 2412 religione
446 2343 542 2413 gesta
572 2343 793 2414 pepercerant,
830 2337 890 2396 sed
923 2340 1033 2415 iniqua
1067 2341 1215 2414 tempora
1249 2339 1427 2414 posteriora
1460 2339 1603 2394 animam

207 2443 422 2501 extinxerunt.
470 2439 630 2502 Codicum
655 2445 725 2502 eius
755 2441 807 2502 hic
838 2447 1036 2502 mentionem
1061 2447 1231 2520 propterea
1253 2440 1401 2514 lecimus,
1426 2439 1514 2518 quod
1538 2455 1604 2498 ma·

207 2547 328 2604 xlmam
353 2550 476 2622 partem
501 2549 591 2622 prius
615 2549 736 2606 exarati
760 2553 846 2620 sunt,
871 2561 969 2624 quam
986 2549 1131 2606 instituta
1147 2551 1198 2606 est
1212 2548 1407 2605 universitas
1421 2543 1602 2622 Pragensis

208 2649 248 2708 de
272 2652 366 2708 cuius
390 2649 658 2710 bibliothecarum
683 2653 825 2728 pristinis
861 2651 1022 2710 thesauris
1046 2655 1078 2709 et
1100 2649 1327 2728 praesentibus
1351 2649 1492 2726 reliquiis
1516 2661 1604 2706 nunc

208 2753 321 2812 dicturi
346 2769 472 2813 sumus.

312 2898 552 2960 Convertamus
576 2901 670 2977 igitur
703 2903 849 2962 animum
873 2898 915 2960 ad
950 2901 1097 2979 insignes
1132 2900 1249 2974 sontes
1275 2919 1291 2962 e
1316 2901 1435 2980 quibus
1470 2901 1605 2958 interce·

208 3005 306 3066 dente
329 3002 491 3065 Societate
514 3003 594 3064 Jesu
618 3005 769 3065 librorum
794 3022 893 3066 manu
918 3009 1109 3084 scriptorum
1134 3006 1332 3084 opulentiam
1356 3005 1539 3074 hausimus
1563 2999 1605 3060 ad

207 3111 415 3186 collegiorum
439 3111 657 3168 universitatis
688 3107 861 3187 Pragensis
892 3113 1044 3187 pristinas
1075 3109 1296 3169 bibliothecas.
1343 3106 1501 3166 liiemoria
1523 3107 1605 3164 enim

208 3211 385 3273 tenendum
420 3219 517 3291 atque
556 3219 668 3273 contra
706 3211 823 3274 salsam
861 3212 1021 3275 Hanslikii
1059 3217 1245 3292 opinionem
1284 3213 1316 3286 (l.
1341 3229 1368 3272 c.
1404 3209 1451 3281 16,
1475 3207 1526 3280 33,
1550 3209 1606 3281 41)

209 3315 328 3377 fortiter
351 3316 593 3378 defendendum
628 3324 678 3379 est
712 3319 912 3396 temporibus
947 3321 1088 3397 antiquis
1113 3333 1220 3396 usque
1252 3317 1345 3378 ada.
1375 3314 1466 3388 1638,
1500 3317 1602 3374 immo

208 3420 379 3499 usquead
403 3438 432 3480 a.
460 3419 541 3482 1777
565 3422 685 3481 nullam
709 3421 812 3482 fuisse
835 3427 934 3483 totius
957 3425 1176 3483 universitatis
1209 3421 1435 3481 bibliothecam
1460 3433 1606 3479 commu·

209 3541 293 3598 nem,
333 3525 392 3585 sed
430 3541 526 3585 suam
565 3525 718 3604 quodque
757 3527 927 3605 collegium
970 3526 1218 3586 administrasse
1264 3518 1529 3596 bibliothecam⁶)‚
1576 3527 1608 3582 et

210 3633 360 3708 quamvis
384 3633 507 3707 passim
532 3628 596 3708 (ex.
628 3647 673 3706 gr.
697 3634 730 3691 in
761 3629 832 3691 Joh.
868 3630 1027 3710 Campani
1062 3628 1268 3707 Calendario)
1303 3629 1370 3688 libri
1406 3627 1606 3688 universitati

211 3733 321 3792 donati
344 3733 395 3792 vel
419 3734 513 3809 legati
537 3741 842 3805 commemorentur,
877 3737 982 3796 ubivis
1019 3735 1164 3796 denotari
1199 3733 1326 3809 singula
1360 3733 1504 3808 collegia,
1540 3746 1606 3790 non

213 3843 311 3897 totam
335 3840 588 3898 universitatem.

313 3983 398 4045 Inter
420 3985 502 4044 haec
526 3984 660 4061 collegia
684 3988 821 4062 primum
846 3986 953 4046 locum
979 4003 1109 4064 semper
1132 3985 1298 4046 obtinebat
1321 3985 1490 4060 collegium
1509 3979 1607 4043 Caro-

211 4089 309 4148 linum
334 4088 386 4148 vel
408 4085 576 4166 Magnum,
601 4092 671 4149 sine
695 4089 794 4149 dubio
818 4093 882 4150 iam
898 4091 940 4150 ab
965 4095 1052 4151 initio
1068 4091 1221 4150 librorum
1246 4089 1442 4166 supellectile
1466 4085 1607 4164 quadam

210 4195 413 4264 instructum,
448 4195 594 4270 inprimis
629 4198 736 4252 autem
760 4211 789 4254 a.
818 4193 901 4255 1376
933 4195 975 4254 ab
1010 4197 1083 4272 ipso
1117 4191 1288 4254 fundatore
1323 4192 1411 4252 libris
1445 4189 1607 4249 Wiihelmi

213 4297 286 4356 olim
319 4297 435 4357 decani
465 4291 745 4374 Wysehradensis
780 4303 912 4358 auctum
947 4305 1044 4378 atque
1080 4297 1225 4358 ditatum.
1273 4293 1430 4374 Superest
1464 4293 1607 4354 librariae

213 4399 383 4462 Carolinae
407 4403 575 4478 catalogus
600 4401 696 4478 paulo
720 4403 903 4478 posthanc
939 4403 1148 4463 donationem
1173 4404 1388 4460 concinnatus
1412 4403 1443 4456 et
1465 4398 1608 4476 aliquan-

328 4655 354 4734 5)
378 4663 462 4724 Ferd.
486 4662 607 4734 Lehner,
632 4645 728 4719 Ceska
752 4660 836 4721 {kole
860 4661 1008 4733 maliiska,
1032 4664 1054 4721 1.
1079 4681 1123 4721 sv.
1148 4681 1167 4719 v
1191 4665 1277 4719 Praze
1305 4663 1393 4720 1902.

327 4759 354 4838 6)
378 4767 558 4824 Sententiam
592 4769 669 4823 hanc
703 4785 886 4840 nequaquam
921 4769 1073 4840 impugnat
1106 4771 1261 4839 castigatio
1296 4767 1335 4825 M.
1372 4765 1538 4821 Wenceslai
1574 4766 1609 4818 de

213 4852 360 4910 Kiiianov
395 4870 445 4926 per
466 4854 506 4910 M.
531 4853 694 4910 iohannem
729 4857 764 4910 de
799 4855 889 4926 Praga
924 4863 1074 4922 rectorem,
1099 4857 1177 4927 quod
1200 4855 1290 4910 libros
1314 4853 1449 4909 Nationis
1474 4870 1499 4910 a.
1530 4851 1604 4907 1461

213 4957 272 4996 non
291 4941 453 5012 reposuerit
469 4939 563 5009 (Mon.
580 4942 647 4996 hist.
672 4947 751 4998 univ.
775 4941 855 5013 Prag.
880 4941 927 5006 111,
954 4941 1025 5014 50');
1050 4959 1117 4997 nam
1141 4947 1211 4996 tunc
1228 4948 1321 4995 rector
1336 4956 1395 4995 non
1412 4939 1608 5010 procuratoris

212 5029 263 5082 sed
286 5027 392 5085 iudicis
414 5028 513 5085 officio
535 5029 653 5084 iunctus
677 5036 730 5085 est.
