3974 6014
1046 598 1090 659 40

367 805 626 880 germanicorum
649 821 734 863 saec.
756 805 840 875 xlv,
867 825 990 880 quorum
1014 810 1163 880 specimen
1186 812 1277 866 edidit
1298 810 1324 866 l.
1349 811 1430 865 Kelle
1454 813 1484 866 in
1508 809 1607 882 Serap.
1638 812 1711 867 1881
1738 827 1768 881 p.

369 894 441 949 3711.
465 893 541 948 Inter
564 893 613 949 iol.
638 895 689 948 ult.
715 901 742 949 et
766 897 880 949 thecam
904 897 1035 951 eiusdem
1059 899 1125 952 cod.
1149 903 1194 952 est
1216 898 1266 954 iol.
1291 901 1411 954 membr.
1435 900 1520 952 valde
1545 901 1673 953 attritum
1697 914 1768 954 con-

368 980 463 1035 tinens
487 981 679 1050 fragmentum
703 985 857 1037 cuiusdam
880 983 946 1038 libri
969 983 1051 1040 iorm.
1075 983 1190 1054 epistol.
1214 1000 1293 1042 saec.
1316 978 1396 1042 XIV.

471 1163 530 1246 40
853 1167 884 1244 I.
912 1170 957 1244 Α.
983 1169 1045 1244 30.
1072 1184 1117 1256 (v.
1135 1184 1169 1235 11.
1187 1187 1212 1236 2.
1230 1201 1256 1238 n.
1274 1187 1328 1244 11.)

368 1307 477 1368 chart.
502 1324 534 1366 o.
559 1306 644 1368 1403
654 1305 699 1388 ff
741 1307 805 1368 234
828 1308 979 1385 42><30
1002 1326 1056 1369 cm
1080 1309 1123 1369 ab
1159 1315 1226 1370 eruo
1247 1309 1364 1371 scriba
1388 1309 1528 1388 egregie,
1559 1309 1617 1370 sed
1635 1307 1767 1388 passim

368 1393 482 1454 rrcirrrrs
504 1393 687 1470 diligenter,
718 1400 881 1456 exaratus
910 1401 1009 1474 etque
1036 1399 1226 1475 sumptuose
1249 1397 1296 1457 lit.
1320 1397 1440 1458 initiat.
1460 1393 1643 1475 peroraris
1665 1395 1765 1454 deau-

368 1480 520 1558 ratisque
542 1483 572 1540 el
595 1480 745 1541 rubricis
761 1482 942 1561 permultis
964 1486 1153 1543 exornatus.

455 1598 701 1662 Revelationes
717 1601 747 1661 b.
764 1600 923 1679 Brigidae
946 1619 1026 1663 curn
1041 1603 1115 1664 vita
1131 1603 1287 1664 eiusdem
1310 1609 1346 1664 et
1369 1605 1463 1666 bulla
1479 1598 1766 1664 canonisationis.

472 1687 562 1748 Initio
586 1693 669 1748 sext.
693 1687 705 1748 Ι
729 1689 830 1749 deest.
863 1689 896 1749 F.
926 1690 935 1748 1
964 1693 1074 1767 incipit
1097 1691 1147 1750 lib.
1171 1689 1200 1748 V
1224 1696 1255 1750 et
1278 1696 1430 1751 tractatur
1463 1707 1569 1768 usque
1604 1691 1646 1750 ad
1670 1689 1690 1750 i.
1719 1689 1766 1762 12,

369 1791 434 1852 quo
458 1779 706 1851 interrumpitur.
731 1775 751 1836 i.
780 1775 817 1834 13
842 1777 894 1836 lib.
918 1775 930 1836 l
953 1795 973 1836 a
996 1793 1066 1854 cap.
1092 1776 1128 1836 21
1156 1775 1293 1855 (initium
1318 1777 1433 1856 deest).
1458 1777 1478 1838 i.
1503 1776 1631 1837 30-77
1656 1777 1707 1836 lib.
1732 1775 1766 1836 ll.

368 1861 389 1922 i.
414 1860 541 1920 77-92
566 1862 618 1920 lib.
636 1861 683 1921 lii.
701 1861 721 1922 i.
739 1861 890 1924 92-128
906 1864 958 1924 lib.
975 1862 1017 1922 lV
1033 1880 1100 1924 non
1113 1869 1244 1941 integer.
1268 1863 1302 1924 F.
1324 1864 1383 1925 128
1407 1881 1482 1942 seq:
1507 1866 1548 1924 de
1580 1865 1769 1924 excellentia

368 1949 567 2026 angolorum.
612 1948 645 2008 F.
681 1949 742 2008 144
786 1949 943 2027 »Explicit
973 1951 1051 2009 liber
1084 1956 1219 2026 quartus
1251 1967 1309 2028 per
1338 1969 1458 2012 manus
1481 1951 1616 2012 Nicolai
1640 1961 1722 2010 etc«.
1745 1949 1766 2010 1.

373 2034 540 2094 rto-456
564 2035 615 2095 lib.
640 2033 691 2096 IV.
714 2036 903 2096 absolvitur.
927 2035 948 2096 t.
977 2035 1144 2096 157-159
1168 2037 1219 2097 lib.
1247 2035 1276 2094 V
1299 2035 1352 2098 iol.
1381 2038 1417 2097 12
1442 2043 1638 2116 interruptus
1661 2038 1768 2096 absol-

369 2127 461 2182 vitur.
486 2121 506 2181 i.
537 2121 699 2180 159-221
729 2123 779 2182 lib.
803 2121 845 2182 Vl
870 2129 902 2182 et
923 2121 978 2182 Vll
1002 2121 1082 2201 (non
1106 2123 1252 2201 integer).
1283 2123 1305 2184 i.
1336 2123 1508 2184 221-222
1543 2124 1702 2202 Legenda
1737 2125 1768 2182 b.

370 2209 526 2284 Brigidae
550 2207 630 2286 (non
643 2209 788 2286 integra).
806 2209 826 2270 i.
841 2209 904 2269 223
915 2209 1014 2269 -225
1037 2214 1236 2270 continuatio
1250 2211 1301 2270 lib.
1318 2208 1373 2271 Vll
1386 2215 1457 2272 sine
1470 2211 1546 2272 tine.
1561 2211 1582 2270 i.
1595 2209 1762 2270 226-231

369 2294 522 2372 Legenda
544 2295 754 2355 concluditur.
779 2295 800 2356 i.
825 2295 998 2356 231-234
1020 2294 1120 2357 Bulla
1146 2297 1431 2370 commeationis,
1463 2299 1504 2358 ad
1529 2302 1622 2358 cuius
1645 2297 1767 2357 calcem

369 2383 450 2442 haec
474 2387 551 2442 note
574 2387 640 2442 est:
668 2381 824 2458 »Explicit
857 2383 996 2461 legenda
1017 2399 1183 2443 unacum
1207 2385 1294 2443 bulla
1317 2388 1580 2445 canonisacionis
1606 2391 1661 2445 ote
1684 2384 1767 2461 Byr·

368 2469 453 2544 gitte
483 2470 563 2527 alias
595 2467 722 2546 Brigide
754 2485 877 2546 sponse
909 2468 1027 2531 Christi
1059 2487 1125 2529 una
1159 2487 1235 2530 cum
1258 2475 1329 2530 aliis
1353 2472 1439 2531 libris
1464 2475 1615 2548 superius
1639 2474 1767 2548 scriptis

369 2555 471 2615 ifinita
495 2554 632 2614 sabbato
663 2553 745 2614 inira
768 2561 903 2616 octavas
929 2557 972 2616 bti
1002 2555 1113 2616 Jacobt
1137 2558 1277 2635 apostoli
1300 2561 1432 2635 gloriosi
1457 2575 1513 2636 per
1537 2574 1655 2617 manus
1679 2557 1767 2618 Mar·

368 2643 432 2702 tini
454 2641 587 2702 Alberti
611 2643 653 2702 de
676 2641 885 2703 Szatroczim
911 2643 1078 2704 Ptocensis
1102 2643 1244 2704 diocesis
1268 2645 1331 2703 suh
1354 2661 1442 2706 anno
1467 2643 1505 2705 D.
1535 2644 1645 2704 1403.«

471 2747 610 2803 Nicotaus
641 2765 730 2819 supra
760 2752 886 2819 scriptus
917 2753 1030 2805 videtur
1053 2750 1142 2805 fuisse
1167 2753 1329 2805 rubricator
1352 2752 1464 2807 codicis
1489 2757 1575 2822 atque
1599 2753 1692 2820 pictor
1714 2752 1766 2804 de-

370 2843 545 2906 auratorque
567 2835 610 2890 lit.
641 2835 807 2907 initialium,
838 2851 913 2907 quae
936 2837 954 2893 1.
983 2840 1009 2908 1,
1035 2837 1062 2904 2,
1096 2838 1146 2904 31,
1171 2838 1222 2906 46,
1247 2838 1297 2906 52,
1322 2839 1373 2905 95,
1402 2839 1469 2899 128.
1500 2839 1568 2904 159,
1598 2838 1669 2903 208,
1696 2836 1767 2906 207,

371 2922 442 2989 221,
468 2922 523 2976 231
553 2921 748 2976 inveniuntur.

474 3089 519 3168 41
976 3089 1004 3166 I.
1034 3092 1070 3166 A
1096 3092 1158 3165 31.

370 3233 476 3293 chart.
502 3250 534 3292 a.
562 3231 777 3293 1738-1785
792 3231 831 3312 ff.
855 3231 921 3293 205
944 3249 1044 3300 tritor..
1069 3231 1111 3292 44
1127 3235 1155 3287 >C
1166 3232 1211 3294 30
1234 3250 1296 3293 cm.
1322 3232 1352 3293 d.
1378 3249 1422 3292 tre.

477 3352 696 3414 Documenta
718 3362 927 3416 conventum
950 3351 1012 3415 FF.
1037 3349 1212 3414 minorum
1246 3355 1279 3414 S.
1310 3353 1486 3414 Francisci
1511 3351 1768 3430 Capucinorum

369 3440 797 3502 Bohemo·Budvieensem
820 3456 884 3501 nec
908 3457 980 3502 non
1002 3439 1187 3501 historiam
1217 3447 1251 3500 et
1284 3440 1463 3518 privilegia
1498 3439 1650 3500 civitatis
1682 3440 1768 3502 Bud-

369 3526 523 3588 vicensie
547 3527 792 3589 concernentia
821 3527 956 3587 collecta
987 3543 1107 3604 magna
1138 3544 1178 3586 ex
1203 3533 1292 3604 parte
1316 3545 1357 3587 ex
1381 3528 1512 3587 archivo
1536 3527 1668 3603 praefati
1692 3543 1767 3586 con-

369 3619 498 3675 ventus

477 3718 498 3779 f.
527 3719 552 3778 1.
577 3718 725 3798 (titulusz)
748 3717 983 3778 Protocollum
1007 3722 1203 3778 conventus
1227 3716 1287 3778 FF.
1312 3722 1472 3777 minorum
1498 3714 1530 3776 S.
1557 3715 1669 3776 Franc.
1706 3715 1767 3776 Ca-

369 3806 576 3883 pucinorum
600 3809 659 3865 loci
684 3805 783 3882 hujus
808 3801 1180 3865 Bo'e'mo-Budvieensis
1204 3805 1246 3863 ad
1271 3803 1304 3864 S.
1329 3805 1458 3864 Annam
1483 3804 1524 3862 ab
1552 3806 1639 3862 initio
1656 3803 1768 3881 (1614)

371 3895 557 3954 inchoatum
582 3893 705 3962 (scribi)
729 3909 758 3952 a.
787 3890 877 3952 1738.

478 3995 498 4057 1.
566 3995 689 4055 2-111
718 3995 796 4056 Pars
849 3994 869 4056 1.
894 3993 1036 4055 Historia
1058 4012 1153 4056 conv
1177 4013 1206 4055 a.
1235 3993 1456 4054 1614-1785.

477 4083 498 4144 i.
527 4082 688 4143 112-141
751 4109 764 4134 »
836 4082 871 4144 ll.
894 4080 1051 4142 Historia
1074 4081 1166 4142 civit.
1190 4075 1435 4143 Budvicensrs.

478 4170 498 4230 i.
527 4168 695 4229 142-186
750 4197 763 4221 »
822 4168 869 4230 lll.
893 4167 1077 4245 Privilegia
1100 4167 1197 4228 civit.
1219 4166 1461 4229 Budvicensis.

478 4256 498 4316 1.
528 4255 695 4316 187-196
751 4281 764 4308 »
819 4254 870 4315 lV.
896 4253 944 4315 De
968 4260 1108 4315 monast.
1134 4254 1425 4315 Dominicanorum
1450 4253 1656 4314 Budvicensi.

478 4343 498 4404 i.
528 4341 696 4402 197-109
720 4341 897 4418 Cataiogus
920 4344 1040 4402 archivi
1065 4343 1300 4401 conventualis.

478 4429 498 4490 1.
524 4428 696 4489 200-205
719 4429 855 4490 Indices

478 4537 553 4593 Inter
577 4537 594 4592 i.
621 4537 661 4592 34
684 4536 708 4590 31
733 4537 772 4590 35
798 4537 905 4590 inserta
929 4543 973 4590 cst
997 4551 1051 4590 ms.
1078 4535 1157 4589 bulla
1180 4535 1329 4589 Benedicti
1353 4532 1421 4587 XIV
1444 4550 1470 4588 a.
1500 4533 1580 4587 1750
1598 4532 1768 4603 Capucinos

370 4640 560 4680 concernens,
595 4623 889 4678 11115111103170
930 4623 1039 4677 inserta
1063 4629 1107 4675 est
1152 4621 1236 4676 Senis
1261 4637 1287 4675 a.
1317 4621 1395 4675 1078
1421 4621 1563 4690 impressa
1597 4620 1697 4674 relatio
1722 4618 1767 4674 Fr.

369 4711 441 4767 Lud.
466 4711 570 4766 Felicis
594 4711 628 4766 O.
652 4709 693 4766 M.
718 4712 754 4765 de
776 4712 903 4780 quodam
929 4709 1079 4764 miraculo.
1113 4707 1229 4763 Interi.
1266 4707 1324 4762 100
1355 4706 1380 4760 e
1413 4708 1469 4761 101
1508 4707 1689 4776 agglutinata
1723 4713 1767 4759 est

369 4799 480 4868 efligies
504 4799 718 4852 interfectarum
749 4814 775 4852 a.
816 4797 895 4851 1738
920 4795 1073 4850 Montibus
1097 4793 1201 4848 Cutnis
1226 4810 1243 4848 a
1266 4796 1393 4862 quodam
1417 4793 1565 4847 homicida
1588 4795 1605 4848 8
1630 4808 1769 4862 persona-

370 4901 442 4954 rum,
467 4887 583 4954 dequo
608 4887 766 4940 homicidio
791 4881 1114 4953 praeceditincodice
1145 4880 1248 4935 relatio
1283 4881 1446 4935 bohemica.
1493 4878 1642 4933 Nonnulla
1677 4881 1769 4933 docu-

370 4978 467 5027 menta
502 4973 632 5042 partibus
667 4971 679 5024 l
709 4970 734 5024 81
764 4969 803 5024 III
833 4971 941 5024 inserta
972 4973 1041 5022 sunt
1063 4966 1239 5037 germanica.
1264 4965 1321 5034 (Ci.
1346 4968 1432 5020 etiam
1457 4968 1522 5022 cod.
1546 4963 1581 5022 ΙΙ.
1607 4965 1640 5019 ll.
1666 4964 1709 5028 4).
1745 4963 1769 5018 Ε

370 5064 495 5114 monast.
521 5057 737 5128 Capucinorum
761 5057 950 5111 Budvicensi.

1055 5273 1086 5322 10
