3990 6012
907 593 970 658 837

777 683 835 690 ——-

336 801 423 884 834
711 801 749 876 V.
786 802 828 876 B.
856 801 977 881 17.(Υ.
995 816 1030 868 rr.
1050 817 1073 867 r.
1092 833 1118 867 n.
1138 817 1191 879 ra)

233 943 342 1004 chari.
365 959 426 1005 cca
449 960 482 1004 a.
504 941 590 1004 1407
610 941 650 1024 ff.
674 941 738 1004 297
760 959 865 1016 num„
889 941 1067 1004 29><20·5
1087 958 1149 1002 cm.
1173 939 1204 1003 d.
1221 957 1265 1002 m.

340 1062 361 1124 f.
389 1059 547 1124 11-21012
576 1061 717 1124 Henrici
745 1061 854 1124 Bohlc
883 1059 1136 1124 Distinetiones
1158 1060 1263 1140 primi
1286 1061 1363 1123 libri
1385 1015 1629 1125 Decretalium.

235 1151 457 1211 »Auditorium
488 1165 585 1210 suum
616 1149 736 1210 lecture
768 1149 975 1210 decretalium
1008 1148 1049 1208 de
1072 1165 1169 1209 mane
1192 1147 1335 1210 Parisius
1358 1151 1571 1212 intrantibus«
1597 1151 1630 1208 ><

236 1237 445 1338 »Εκρ1ιά151
476 1241 568 1314 primi
599 1238 616 1297 l.
650 1236 681 1296 d.
713 1236 799 1296 dom.
835 1234 874 1296 H.
899 1233 1024 1296 Bonhic
1047 1233 1122 1313 (sic)
1145 1234 1234 1296 finite
1265 1253 1294 1297 a.
1319 1236 1349 1296 d.
1377 1233 1459 1298 1407
1482 1241 1554 1315 ipso
1579 1238 1630 1297 die

233 1325 360 1512 Aguam?
383 1329 589 1471 {regim
606 1409 764 1488 (anepigr.)
788 1407 1007 1486 Quaestiones
1031 1423 1131 1486 super
1154 1408 1317 1486 quasdam
1340 1412 1494 1470 materias
1512 1407 1630 1470 Decre-

231 1498 365 1644 tahumi.
390 1583 596 1644 2242-297a
620 1580 784 1644 Guilelml
806 1580 848 1642 de
871 1579 990 1642 Monte
1013 1579 1181 1642 Lauduno
1204 1579 1471 1644 sacramentale.
1499 1581 1626 1646 »Caris-

232 1673 315 1731 simo
337 1669 403 1731 frlio
427 1687 489 1730 suo
512 1687 551 1731 ac
574 1669 705 1747 speciali
729 1668 816 1728 dom.
842 1667 962 1728 Poncio
986 1667 1026 1727 de
1050 1665 1150 1728 Villa«
1178 1669 1210 1727 ><
1237 1668 1349 1747 »Expl
1376 1666 1521 1731 Sacram.
1539 1669 1628 1732 dum.

231 1755 269 1817 G.
293 1757 333 1817 de
357 1756 400 1818 M.
426 1755 458 1817 l..
484 1757 745 1818 excellentissimi
768 1758 845 1815 luris
869 1771 987 1816 canon.
1012 1753 1185 1816 doctoris«

288 1914 290 1918 .
337 1863 490 1935 Operculis
520 1863 648 1934 adligata
678 1867 747 1918 sunt
777 1861 938 1932 fragmenta
968 1862 1087 1916 membr.
1112 1862 1296 1918 instrumenti
1319 1863 1400 1935 publ.
1426 1863 1532 1919 notarii
1556 1879 1627 1920 con-

229 1951 328 2021 scripti
351 1949 521 2020 Moguntiae
552 1967 577 2008 a.
607 1948 697 2005 1403.
721 1947 754 2004 In
784 1949 876 2004 fronte
899 1947 918 2005 f.
948 1951 978 2002 1·
1000 1948 1159 2004 adnotatus
1183 1955 1227 2004 est
1250 1965 1339 2005 manu
1363 1965 1441 2008 saec.
1466 1948 1531 2006 XV.
1557 1965 1626 2022 pos·

230 2053 329 2092 sessor
350 2037 415 2092 libri
442 2035 538 2108 »Mag
562 2035 725 2092 Fridericus
748 2034 908 2106 Eppinge.«
934 2033 1026 2089 Vetus
1050 2035 1123 2104 sign.
1149 2034 1179 2103 F,
1208 2037 1255 2092 14.
1280 2035 1353 2093 Cod.
1367 2051 1478 2092 recena.
1496 2035 1626 2106 Schulte,

230 2124 342 2180 Canon.
367 2123 477 2179 Hdsch.
500 2139 528 2194 p.
556 2123 606 2182 31.

332 2289 414 2372 835
714 2288 751 2362 V.
778 2290 822 2363 B.
850 2290 911 2364 18.
941 2306 1025 2368 (1.1.
1044 2309 1068 2358 r.
1087 2321 1113 2357 n.
1133 2307 1186 2370 rr.)

228 2430 336 2492 chart.
360 2447 446 2492 saec.
470 2429 557 2492 XIV
577 2448 622 2492 ex.
638 2427 686 2509 fs.
710 2427 776 2491 310
799 2449 901 2510 num„
924 2431 1068 2494 30><22
1091 2448 1152 2492 cm.
1175 2431 1193 2492 1
1220 2449 1264 2492 m.

227 2551 379 2613 conradi
410 2552 451 2614 de
482 2551 721 2615 Waldhausen
751 2551 898 2614 Postilla
923 2552 1145 2656 ⁸studentium
1176 2557 1319 2614 sanetae
1340 2551 1531 2631 Pragensie
1554 2553 1628 2614 uni-

338 2723 359 2784 1.
387 2728 419 2787 1·
447 2725 628 2787 »Postillam
652 2727 736 2787 stud.
762 2743 789 2787 s,
814 2643 1076 2803 Ρῖἓςηιιιιξιτίῗυῒ
1098 2742 1199 2804 super
1213 2727 1395 2805 ewangelio
1410 2727 1625 2800 dominicalia,

230 2827 292 2888 que
320 2811 470 2889 leguntur
503 2830 559 2891 per
592 2830 735 2874 annum«
762 2814 794 2870 ><
818 2812 839 2873 l.
863 2811 944 2873 329ει
977 2816 1109 2892 »quinta
1141 2812 1306 2873 dominica
1328 2819 1403 2874 ante
1426 2817 1626 2874 nativitatem

230 2898 352 2958 domini
376 2907 435 2959 etc.
460 2897 621 2960 Marcus«

337 3001 357 3062 1.
380 2997 587 3062 3302--340b
610 3001 788 3064 Sermones
812 3002 852 3062 de
875 3003 1090 3076 dedicatione,
1115 3003 1156 3063 de
1179 3005 1363 3078 animabus
1399 3004 1440 3064 de
1474 3004 1627 3082 dignitate

229 3089 421 3149 sacerdotali
445 3088 590 3166 (ultimus
615 3093 646 3150 in
669 3090 734 3151 fine
758 3089 913 3169 mutilus).

337 3195 430 3251 Vetus
454 3197 527 3266 sign.
553 3195 588 3264 Ο,
614 3195 664 3252 59.

332 3361 415 3444 836
714 3364 750 3439 V.
777 3366 821 3440 B.
850 3364 911 3439 19.
931 3381 975 3443 (Υ.
994 3381 1015 3432 r.
1034 3382 1059 3433 r.
1078 3396 1103 3431 n.
1123 3382 1177 3444 rr.)

227 3503 352 3565 mixtus
384 3519 469 3566 saec.
494 3502 532 3564 X
538 3502 566 3564 V
574 3501 623 3582 ff.
646 3504 708 3565 301
733 3523 837 3580 rrum„
869 3504 1052 3582 29·5><22
1074 3521 1136 3564 cm.
1161 3503 1192 3566 d.
1217 3521 1261 3564 m.

227 3622 361 3685 Nicolal
383 3624 425 3685 de
455 3623 536 3686 Lira
566 3624 714 3686 Postilla
745 3642 852 3703 super
873 3624 1159 3773 {engeteuehum
1183 3623 1291 3687 libros
1313 3625 1432 3703 desae,
1455 3625 1622 3688 Judieum

903 3729 925 3772 u
969 3757 976 3772 .

335 3817 479 3890 Operculo
510 3835 605 3891 super.
637 3821 798 3890 adligatum
829 3826 874 3876 est
903 3821 1097 3891 fragmentum
1129 3823 1288 3878 membran.
1324 3820 1472 3876 literarum
1496 3835 1624 3890 german.

228 3903 409 3975 sigismundi
432 3906 513 3966 Rom.
539 3913 566 3960 et
589 3905 661 3962 Βοὴ.
686 3907 771 3978 regis,
796 3909 902 3977 quibus
926 3909 1102 3978 praecipitur
1124 3908 1239 3963 civibus
1263 3907 1487 3974 Zitaviensibus,
1512 3913 1543 3962 ut
1567 3907 1626 3962 arci

228 3997 255 4046 et
277 3992 455 4048 monasterio
479 3992 633 4063 Ojbinensi
657 3994 755 4048 debita
777 3995 904 4050 solvant.
929 3993 965 4048 Et
987 3993 1180 4063 fragmentum
1203 3995 1260 4051 hoc
1283 4001 1311 4050 et
1326 3994 1485 4065 singularis
1501 3994 1627 4065 ligature

227 4081 313 4133 docet
343 4079 476 4134 codicem
500 4080 531 4134 in
554 4080 732 4136 monasterio
756 4079 909 4149 Ojbinensi
933 4086 1085 4135 exaratum
1109 4095 1184 4137 esse.

331 4245 413 4327 837
714 4247 751 4321 V.
780 4249 823 4323 B.
851 4247 912 4322 20.
942 4265 988 4326 rr.
1006 4264 1041 4316 11.
1053 4268 1079 4316 5.
1092 4280 1118 4315 n.
1138 4265 1191 4330 ra.)

226 4385 331 4446 chart.
354 4403 441 4448 saec.
465 4381 548 4448 XIV
568 4391 598 4448 cl
620 4381 685 4447 XV
692 4386 739 4468 ff.
768 4387 831 4450 164
854 4406 957 4466 uum„
981 4388 1160 4451 30><2r5
1180 4406 1242 4450 cm.
1267 4389 1297 4450 d.
1322 4407 1367 4450 m.

333 4506 354 4567 i.
382 4505 519 4568 12-10b
541 4510 610 4566 XlV
641 4527 718 4568 saec.
749 4507 961 4587 Evangelien
991 4511 1063 4571 und
1092 4509 1226 4588 Epistel
1261 4510 1322 4572 der
1345 4510 1521 4588 Sonntage
1544 4525 1626 4571 vom

169 4555 175 4570 Ι
225 4593 364 4656 Advent
396 4593 450 4655 bis
483 4611 562 4655 zum
596 4594 752 4674 Sonntag
785 4595 1010 4674 sexagesima
1043 4597 1307 4676 (unvollstdndig.
1340 4595 1446 4675 Vergl.
1480 4595 1568 4656 Kelle
1592 4600 1625 4656 in

226 4677 337 4758 Serap.
365 4679 443 4742 1861
471 4679 504 4742 S.
529 4680 615 4757 375).

333 4766 355 4827 1.
385 4767 416 4828 11
445 4785 586 4829 vacuum
610 4774 669 4829 est.

331 4871 352 4932 1.
381 4870 538 4932 121-362
561 4873 616 4929 XV
639 4891 716 4932 saec.
740 4871 793 4933 Fr.
816 4871 960 4935 Henrici
982 4872 1040 4953 (de
1062 4872 1277 4952 Bitterleldl)
1293 4873 1365 4935 ord.
1388 4874 1502 4952 praed.
1527 4872 1625 4935 Trae-

224 4961 318 5018 tatus
353 4957 395 5018 de
429 4973 530 5020 saera
558 4959 803 5021 communione
833 4963 867 5020 et
898 4967 1100 5039 argumenta
1129 4960 1210 5023 ildei
1243 4960 1415 5023 adversus
1447 4959 1624 5022 Hussitas.

228 5041 329 5104 »Cum
360 5045 672 5106 animadverterem«
707 5047 740 5104 ><
775 5045 886 5124 ›Expl
924 5053 958 5109 tr.
996 5047 1036 5108 de
1067 5065 1094 5109 S.
1128 5066 1156 5109 c.
1189 5048 1372 5108 secundum
1406 5064 1505 5108 usum
1541 5049 1624 5108 alme

900 5273 947 5322 341
