4094 6016
1031 553 1094 619 423

466 757 551 837 423
814 757 883 832 III.
913 759 955 832 B.
984 759 1044 832 14.
1065 773 1110 834 (Υ.
1129 773 1162 825 u.
1185 777 1206 826 r.
1226 789 1251 824 n.
1273 775 1325 836 aa.)

360 915 468 978 chart.
491 933 578 978 suec.
602 915 657 977 XI
665 913 765 977 V-X
770 915 798 976 V
813 915 851 998 ff.
868 917 932 978 173
948 935 1038 980 turm.
1063 913 1149 997 (-l-l
1166 933 1232 977 non
1255 913 1373 995 ntem),
1386 915 1463 976 295
1473 914 1560 976 ><22
1583 931 1646 976 cm.
1670 915 1688 975 1
1714 933 1758 974 m.

471 1037 490 1097 l.
520 1033 661 1100 1-10112
684 1036 828 1098 Summa
862 1039 903 1098 de
934 1037 1159 1115 poenitentia.
1198 1038 1330 1115 »Incipit
1359 1038 1513 1115 prologus
1537 1035 1577 1096 de
1601 1035 1759 1096 fructibus

363 1127 550 1202 penitencie.
599 1123 761 1203 Quoniam
793 1126 1004 1203 peccantibus
1035 1131 1110 1201 post
1140 1125 1339 1203 baptismum
1371 1123 1545 1185 mortaliter
1575 1123 1647 1182 sola
1670 1125 1758 1201 peni·
1822 1157 1826 1164 -

362 1214 469 1271 tencia
500 1212 677 1272 remedium
709 1217 777 1271 est‹
806 1213 834 1276 ><
864 1211 1053 1271 »salvatoris
1084 1215 1235 1289 operacio
1267 1216 1453 1288 perseveret
1485 1213 1559 1288 ipso
1583 1214 1758 1288 prestante,

363 1301 416 1376 qui
439 1306 500 1358 etc.
525 1297 662 1376 Explicit
684 1298 763 1359 liber
785 1295 826 1357 de
849 1296 1007 1358 fructibus
1031 1301 1211 1375 penitencie
1235 1298 1372 1357 multum
1396 1297 1533 1356 bonus«

470 1400 490 1461 f.
527 1397 727 1462 1022—1251’
759 1399 862 1478 (Mag.
893 1400 1093 1462 wenceslai
1122 1400 1204 1462 dicti
1234 1399 1379 1478 Rohlel)
1410 1399 1590 1464 Tractatus
1622 1397 1664 1459 de
1694 1397 1758 1458 lar-

361 1486 493 1565 gitione
516 1493 552 1549 et
572 1487 702 1549 virtute
726 1487 1019 1566 indulgentiarum
1042 1487 1124 1548 anni
1148 1487 1298 1549 iubilaei.
1326 1486 1558 1547 »Providemus
1581 1485 1669 1545 bona
1692 1501 1758 1545 non

362 1575 469 1634 solum
494 1589 603 1634 coram
636 1575 718 1634 deo«
746 1578 777 1630 ><
804 1591 880 1652 »pro
915 1590 1053 1654 quorum
1086 1573 1324 1635 detractacione
1348 1573 1461 1634 reddet
1484 1573 1581 1633 michi
1604 1571 1758 1632 dominus

362 1661 444 1722 deus
469 1661 652 1722 mercedem
684 1661 891 1721 beatitudinis
923 1677 1072 1738 superne.
1105 1662 1219 1721 Amen.
1255 1663 1361 1735 (rubr.)
1392 1659 1478 1720 Laus
1501 1659 1585 1718 alme
1610 1661 1651 1718 sit
1674 1661 1758 1718 trini-

361 1751 416 1808 tati
440 1764 499 1826 pro
522 1748 744 1826 complecione
768 1748 895 1810 huius«
921 1748 1058 1832 (Auctor
1079 1747 1240 1809 invehitur
1261 1751 1294 1807 in
1318 1748 1492 1807 iubilaeum
1515 1763 1544 1806 a.
1567 1743 1658 1817 1393,
1682 1743 1756 1804 ideo

361 1850 445 1910 mag.
470 1831 703 1895 Wenceslaum
727 1838 959 1912 proposuimus
982 1841 1147 1894 auctorem
1173 1839 1329 1894 rationem
1347 1834 1506 1894 habentes
1521 1832 1657 1904 illorum,
1674 1846 1758 1908 quae

360 1919 480 1999 profert
503 1918 653 1998 Palacky‚
677 1919 847 1981 Vorltiufer
869 1937 898 1998 p.
923 1920 990 1994 83.)

468 2023 487 2084 1.
517 2019 717 2085 1262-17312
741 2023 884 2085 Summa
906 2023 948 2085 de
970 2023 1186 2101 poenitentia
1210 2039 1273 2084 seu
1307 2021 1488 2084 Tractatus
1512 2023 1554 2084 de
1576 2037 1629 2097 eo,
1656 2036 1757 2098 »quo-

360 2110 464 2173 modo
498 2111 663 2188 cognosci
696 2111 846 2172 habeant
878 2115 1020 2188 peccata
1050 2117 1086 2172 et
1116 2109 1289 2188 quomodo
1312 2115 1369 2171 est
1391 2110 1433 2171 de
1456 2109 1509 2170 eis
1532 2123 1615 2170 vere
1638 2107 1757 2185 poeni-

359 2197 532 2259 tendum«
561 2195 665 2276 »Quia
689 2197 872 2258 secundum
896 2198 925 2257 b.
950 2198 1160 2258 Ambrosium
1190 2197 1297 2275 plures
1321 2199 1441 2257 inventi
1465 2200 1542 2256 sunt
1564 2199 1757 2256 innocentes

360 2300 458 2362 quam
492 2301 568 2345 vere
603 2288 803 2362 penitentes«
830 2285 862 2340 ><
889 2301 1006 2362 »quam
1038 2288 1066 2344 si
1096 2288 1198 2346 eiecto
1229 2283 1317 2344 fastu
1348 2283 1502 2344 elacionis
1526 2281 1702 2342 humilibus
1726 2286 1756 2340 te

360 2369 555 2435 conformes.
587 2369 657 2432 llec
687 2369 883 2432 Blcsensis.‹
918 2368 1104 2444 (Tractatus
1128 2373 1180 2431 hic
1203 2374 1234 2430 in
1258 2368 1323 2431 fine
1347 2385 1485 2430 mancus
1509 2385 1585 2429 esse
1609 2367 1756 2441 videtur.)

467 2475 499 2533 In
524 2478 692 2533 membrana
720 2493 816 2532 vacua
846 2479 938 2532 asseri
961 2473 1041 2534 inler.
1066 2477 1195 2547 adligata
1218 2476 1344 2532 occurrit
1367 2483 1452 2532 nota:
1467 2455 1617 2530 ¹»domini
1648 2473 1756 2530 Mathia

359 2563 491 2619 Laude«.
525 2563 619 2618 Vetus
649 2565 724 2633 sign.
756 2563 789 2634 E,
824 2563 872 2620 18.
904 2563 946 2618 De
975 2564 1032 2618 hoc
1063 2565 1174 2632 codice,
1205 2564 1347 2634 imprimis
1378 2565 1414 2618 dc
1438 2569 1562 2618 tractatu
1587 2559 1756 2616 Wenceslai

358 2650 450 2706 Rohle
473 2650 616 2722 prolixius
639 2649 764 2706 disserui
787 2650 817 2706 in
841 2647 966 2705 Vesinilr
989 2631 1022 2706 ζ’.
1046 2650 1081 2706 Α.
1111 2649 1190 2706 1898
1214 2665 1243 2720 p.
1269 2651 1340 2706 271.

463 2851 550 2932 424
811 2853 882 2927 HI.
913 2853 955 2926 B.
984 2853 1044 2926 15.
1064 2867 1108 2930 (Υ.
1128 2869 1162 2920 rr.
1183 2869 1325 2930 1137.)

356 3008 464 3155 {thart
495 3026 580 3070 saec.
604 3007 660 3070 XI
663 3007 770 3068 V—X
772 3009 800 3069 V
806 3008 846 3089 ff.
862 3007 928 3072 158
943 3025 1035 3070 terrm.
1056 3005 1111 3089 (†
1129 3009 1236 3071 Zinit.
1259 3027 1325 3071 nort
1348 3007 1464 3086 tarem),
1481 3010 1557 3072 308
1570 3012 1602 3068 ><
1615 3009 1658 3070 22
1683 3027 1746 3071 cm.

383 3143 389 3155 .
413 3111 458 3155 m.

465 3219 647 3276 Praecedunt
669 3217 740 3277 folia
763 3223 822 3276 duo
847 3235 906 3275 non
930 3235 1020 3290 num,
1037 3221 1145 3291 quibus
1157 3221 1308 3289 registrum
1325 3223 1422 3292 operis
1438 3221 1644 3292 subsequentis
1661 3224 1755 3276 conti-

358 3313 450 3362 netur.
481 3304 513 3360 ln
545 3307 635 3362 altero
665 3322 750 3362 verso
780 3307 959 3362 rubricatur:
994 3307 1118 3378 »Incipit
1152 3307 1292 3378 prologus
1317 3309 1346 3362 in
1370 3309 1576 3379 compendium
1600 3308 1754 3378 theoloyce

357 3395 516 3448 veritatis«
1211 3394 1218 3410 '

465 3491 485 3554 1,
526 3492 644 3553 1-97·
678 3491 850 3571 (Hugonis
887 3493 1209 3572 Argentoratensis)
1248 3493 1501 3570 Compendium
1537 3492 1753 3567 theologicae

355 3578 525 3641 veritatis.
561 3577 728 3640 »Veritatis
752 3580 922 3658 theoloyce
946 3579 1145 3640 sublimitas‹
1172 3581 1205 3638 ><
1232 3580 1388 3659 »Explicit
1418 3599 1445 3642 c.
1471 3583 1515 3642 th.
1539 3599 1569 3641 v.
1593 3579 1672 3642 linit.
1697 3596 1754 3657 per

356 3682 475 3727 manus
498 3665 746 3744 Chmelyconis
769 3667 811 3728 de
834 3666 1047 3728 womaro«

463 3768 484 3830 1.
508 3765 691 3830 97¹³—11l5b
714 3773 871 3845 (anepigr.)
893 3768 1086 3832 innocentii
1107 3769 1154 3831 lV
1177 3787 1236 3831 seu
1253 3775 1361 3849 potius
1376 3769 1528 3834 Thomae
1542 3773 1583 3833 de
1599 3769 1753 3832 Cabham

355 3855 499 3918 Summa
521 3857 563 3917 de
593 3855 817 3933 poenitentia.
851 3855 955 3935 »Quia
983 3860 1216 3918 miseraciones
1247 3858 1370 3918 domini
1401 3865 1478 3918 sunt
1515 3874 1614 3936 super
1643 3860 1753 3918 omnia

355 3960 455 4021 opera
484 3947 573 4003 eius«
593 3945 625 4000 ><
644 3949 694 4004 »et
735 3944 796 4003 hec
826 3943 868 4003 ad
899 3959 1036 4021 presens
1067 3943 1107 4004 de
1142 3948 1323 4022 penitencia
1352 3944 1437 4006 dicta
1467 3944 1660 4006 sufficiant«
1687 3942 1751 4018 (Ci.

356 4026 499 4103 Schulte,
524 4027 605 4092 Can.
629 4028 837 4090 llndschiten
861 4047 889 4107 p.
915 4029 982 4104 28.)

462 4131 483 4193 1.
511 4129 712 4194 14512-1461’
737 4132 920 4210 Registrum
943 4137 1051 4211 operis
1077 4135 1311 4212 praecedentis.

462 4235 482 4296 1.
511 4232 713 4296 1461--147ι
742 4240 900 4320 (anepigr.)
933 4235 1083 4299 Carmen
1117 4237 1159 4299 de
1194 4237 1433 4315 redemptione
1462 4241 1616 4300 humana
1640 4237 1749 4315 incip:

357 4321 461 4384 »Post
483 4327 666 4401 peccatum
689 4321 842 4385 hominis
866 4322 957 4385 iacta
979 4323 1048 4384 iam
1070 4324 1200 4385 ruina«
1631 4333 1634 4340 ⁴

462 4427 482 4487 1.
511 4422 715 4488 itti—148·
737 4424 840 4487 Notae
863 4431 971 4488 variae
995 4429 1205 4507 theologicae.

461 4531 481 4592 l.
510 4529 711 4592 1492-1572
741 4529 899 4608 (anepigr.)
928 4533 960 4591 S.
990 4533 1178 4611 Augustini
1210 4535 1252 4595 ad
1284 4532 1425 4595 Petrum
1456 4533 1641 4594 diaconum
1663 4533 1751 4614 liber

353 4615 739 4766 gzulsldregveffipiitstolam,
771 4617 813 4679 iili
848 4618 949 4692 Patre,
980 4625 1034 4680 tue
1065 4623 1206 4681 caritatis
1230 4625 1363 4699 accepi«
1389 4623 1422 4679 ><
1449 4622 1530 4682 »hoc
1554 4621 1593 4681 illi
1618 4637 1749 4698 quoque

460 4805 480 4867 1.
509 4803 709 4868 1571--158δ
739 4804 843 4868 Notae
873 4811 991 4884 variae,
1022 4810 1196 4888 inquibus
1230 4810 1338 4872 »Ordo
1362 4812 1515 4872 librorum
1537 4829 1577 4873 ac
1601 4811 1749 4873 historia-

351 4911 433 4970 rum,
457 4893 625 4972 quomodo
648 4897 748 4976 tenen·
772 4892 912 4956 debeant
935 4913 992 4973 per
1013 4901 1089 4958 anni
1114 4899 1298 4958 circulum«

460 5000 551 5055 Vetus
575 5001 651 5072 sign.
676 5002 742 5060 libr.
766 4999 861 5058 Carol.
887 5001 922 5059 K.
949 5003 999 5061 37.
1023 5003 1058 5060 K.

1028 5224 1078 5276 164
