3938 6010
860 585 940 646 1139

307 791 328 852 1.
353 789 557 854 3511-357*Ι
580 792 764 872 (Pseudo)
788 791 954 872 Dionysii
990 791 1092 854 Liber
1115 795 1157 856 de
1181 792 1311 855 divinis
1328 791 1527 855 nominibus
1552 793 1597 869 (in
1703 833 1708 842 -

200 877 264 938 fine
293 883 456 952 mancus).

306 965 327 1028 1.
352 963 558 1026 3571-3691
582 965 744 1045 Excerpta
766 971 856 1027 varia
878 966 1062 1044 theologica
1084 971 1116 1040 et
1139 967 1421 1027 canon-iuridica.

308 1052 328 1113 f.
353 1051 560 1114 3701-3752
584 1052 714 1115 Tabula
735 1052 910 1115 intervalli
935 1069 1016 1114 cum
1038 1053 1268 1130 expositione.
1300 1052 1348 1126 (ln
1372 1052 1476 1114 fronte
1499 1058 1597 1114 nota:

201 1140 239 1198 Α.
265 1140 297 1199 d.
325 1140 407 1200 1444
430 1140 489 1201 suit
519 1155 621 1200 unum
645 1157 704 1219 pro
728 1156 828 1202 aureo
851 1144 1013 1213 numero.)

307 1226 328 1288 l.
352 1222 559 1287 376⁸-377b
583 1225 616 1288 S.
641 1227 815 1306 Augustini
840 1224 1018 1288 Sermones
1054 1227 1120 1286 duo
1144 1226 1185 1286 de
1209 1225 1242 1287 S.
1267 1225 1418 1287 Iohanne
1441 1224 1597 1303 Baptista.

302 1332 336 1388 In
359 1333 407 1392 iol.
433 1334 552 1405 praelig.
579 1349 638 1388 non
662 1349 741 1390 num.
767 1335 894 1390 occurrit
916 1336 1005 1390 index
1030 1334 1103 1390 libro
1128 1341 1342 1402 contentorum,
1377 1349 1464 1404 quem
1487 1333 1599 1404 passim

199 1425 227 1473 et
251 1435 306 1474 nos
330 1422 423 1476 secuti
447 1435 560 1478 sumus.
585 1419 617 1476 ln
641 1420 735 1476 fronte
758 1419 776 1477 f.
800 1421 838 1476 4Ιι
861 1421 934 1475 haec
958 1427 1027 1476 nota
1051 1427 1117 1476 est:
1167 1420 1242 1476 »Iste
1266 1421 1339 1476 liber
1362 1427 1407 1476 est
1430 1421 1599 1474 monasterii

199 1521 222 1562 s.
247 1505 391 1563 Iohannis
414 1509 444 1562 in
467 1506 599 1576 Insula«,
638 1508 686 1563 cui
722 1523 810 1562 manu
844 1508 997 1563 recentiori
1032 1508 1262 1579 superscriptum
1296 1513 1358 1562 est:
1408 1505 1598 1562 »Monasterii

199 1607 223 1648 s.
248 1593 372 1648 loannis
395 1595 451 1650 sub
474 1609 574 1664 rupe«

305 1709 399 1790 1136
818 1709 874 1786 VI.
902 1710 945 1785 E.
973 1711 1034 1786 20.

200 1831 307 1892 chart.
331 1849 418 1902 saec.
443 1829 482 1894 X
490 1831 551 1893 VII
557 1833 603 1915 ff.
626 1833 680 1911 39,
705 1832 846 1895 18)(14
869 1851 931 1894 cm.
954 1833 972 1895 1
998 1853 1043 1894 m.

200 1934 358 2016 Censura
381 1952 550 1999 censurae
573 1937 664 1999 latae
686 1955 716 2000 a.
743 1935 827 1998 1684
849 1943 894 2006 (in
919 1942 1085 2016 prooemio
1110 1941 1248 1998 occurrit
1281 1953 1310 1997 a.
1350 1935 1445 2010 1674)
1480 1953 1500 1996 a
1536 1932 1599 1996 PP.

200 2020 427 2085 Revisoribus
450 2025 526 2085 Soc.
568 2023 656 2086 Iesu
680 2032 802 2087 contra
824 2023 952 2086 librum
975 2026 1017 2087 de
1040 2030 1136 2086 recto
1159 2039 1228 2084 usu
1249 2023 1456 2100 opinionum
1477 2022 1598 2100 proba-

251 2108 371 2170 bilium
404 2114 623 2188 compositum
647 2129 667 2172 a
689 2115 818 2185 (auctor
841 2113 908 2172 libri
932 2115 1097 2189 ignoratur
1120 2113 1210 2172 titulo
1233 2109 1346 2172 forfice
1371 2114 1543 2182 truncato).

306 2260 399 2344 1137
822 2265 885 2340 VI.
913 2265 957 2341 E.
985 2265 1046 2340 21.

200 2385 308 2446 clzart.
332 2403 418 2448 saec.
443 2385 669 2466 XVrXVlss.
693 2389 747 2463 16,
769 2389 809 2450 21
825 2389 913 2450 ><15
933 2406 996 2449 cm.
1020 2389 1038 2450 1
1063 2406 1107 2449 m.

287 2489 307 2550 s.
336 2490 468 2552 12-12·
489 2490 663 2553 IohannIs
685 2492 729 2554 de
750 2491 844 2554 Hese
874 2493 988 2568 presb.
1021 2491 1226 2553 Itinerarius
1260 2507 1281 2551 a
1313 2489 1509 2551 Jerusalem
1539 2505 1602 2566 per

200 2577 360 2638 diversas
384 2576 504 2638 mundi
526 2589 654 2654 partes.
687 2577 773 2640 Item
796 2578 979 2640 Tractatus
1003 2580 1045 2640 de
1075 2578 1195 2640 decem
1219 2577 1418 2638 nationibus
1442 2575 1600 2638 christia-

201 2680 336 2725 norum.
364 2665 420 2724 ›A.
446 2665 475 2725 d.
504 2663 586 2726 1389
608 2664 777 2726 lohannes
801 2667 842 2726 de
865 2664 972 2726 Hese‹
1001 2666 1032 2720 ><
1060 2665 1120 2725 »ad
1144 2681 1244 2725 unam
1267 2664 1366 2726 fidem
1391 2667 1423 2724 et
1445 2663 1599 2724 obedien·

201 2755 284 2811 ciam
308 2767 440 2811 romane
464 2753 601 2812 ecclesie
626 2751 863 2813 reduxissent·
891 2751 954 2830 (Cf.
980 2751 1144 2824 Robricht,
1169 2751 1249 2811 Bibl.
1274 2751 1411 2811 Palaest.
1436 2767 1467 2828 p.
1491 2747 1558 2826 92.)

309 2836 329 2898 i.
358 2834 515 2898 121-14ι
547 2837 705 2916 Epistola
737 2837 910 2901 lobannis
945 2838 1087 2900 Soldani
1120 2835 1392 2916 Babyloniorum
1425 2837 1468 2898 ad
1500 2835 1601 2897 Pium

201 2941 325 3001 papam
348 2923 385 2984 11.

309 3011 329 3072 f.
358 3007 517 3072 142..16r
542 3009 596 3071 Pii
618 3009 649 3071 Il
670 3009 827 3088 Epistola
850 3011 1078 3090 responsoria
1107 3011 1150 3072 ad
1173 3010 1365 3072 soldanum
1396 3008 1473 3070 data
1503 3007 1600 3070 Senis

201 3097 230 3156 V
253 3099 316 3162 kal.
341 3096 433 3158 Mart.
462 3096 553 3158 1460.

305 3205 514 3261 videturesse
539 3207 740 3276 apographum
763 3205 939 3277 exemplaris
963 3206 1041 3277 typis
1065 3207 1134 3261 editi
1158 3222 1182 3262 s.
1207 3206 1225 3262 1,
1250 3211 1278 3259 et
1301 3219 1327 3262 a.
1351 3233 1395 3243 -
1418 3203 1497 3258 circa
1516 3203 1597 3258 1480

202 3301 229 3348 et
252 3293 366 3348 modice
391 3294 550 3346 concordat
574 3307 640 3346 cum
664 3299 746 3348 textu
769 3293 909 3348 librorum
933 3299 1100 3349 nostrorum
1125 3291 1176 3348 44.
1201 3291 1236 3345 G.
1262 3291 1278 3346 2
1304 3308 1332 3348 n.
1369 3292 1380 3345 1
1415 3298 1441 3346 et
1476 3289 1528 3346 44.
1564 3289 1598 3346 G.

202 3381 241 3436 47
267 3397 294 3437 n.
321 3381 349 3435 2.
375 3378 477 3433 Codex
500 3379 570 3433 olim
595 3379 743 3450 adligatus
767 3387 829 3434 erat
851 3379 926 3435 libro
950 3385 1052 3435 nostro
1079 3381 1127 3436 50.
1152 3379 1185 3436 B.
1211 3379 1261 3434 31.

307 3528 402 3612 1138
828 3529 888 3604 VI.
917 3529 956 3606 F.
985 3531 1019 3604 Ι.

200 3655 309 3716 chart.
331 3671 418 3715 saec.
442 3651 566 3714 XVIII
583 3653 669 3733 (post
690 3671 722 3714 a.
746 3651 845 3724 1712)
861 3651 905 3732 ff
928 3651 1002 3728 147,
1020 3653 1097 3714 225
1106 3651 1267 3713 ><170111
1291 3649 1309 3712 1
1335 3668 1380 3711 m.

200 3758 295 3820 Petri
318 3757 482 3820 Bourdon
509 3755 776 3835 Privilegiorum
799 3763 834 3817 et
856 3757 1055 3818 libertatum
1078 3754 1172 3817 Cleri
1195 3753 1397 3818 Secundarii
1432 3751 1597 3814 Leodien·

203 3847 256 3908 sis
281 3861 344 3907 nec
367 3861 438 3906 non
461 3860 592 3920 eorum,
616 3859 704 3921 quae
726 3851 800 3904 tam
823 3859 868 3905 ex
891 3845 1041 3904 adverso
1064 3859 1168 3919 quam
1191 3858 1255 3919 pro
1286 3840 1356 3902 illis
1388 3838 1529 3901 tuendis
1564 3837 1599 3899 in

201 3935 294 3995 hunc
316 3947 428 4008 usque
451 3931 543 3992 diem
565 3930 712 3992 subinde
735 3935 836 4008 gesta
857 3938 950 4006 sunt,
974 3931 1091 3992 brevis
1115 3927 1277 3990 narratio.
1309 3928 1360 3988 Ad
1396 3933 1599 4006 posterorum

201 4023 455 4089 instructionem,
480 4018 658 4078 eorundem
682 4019 919 4095 privilegiorum
943 4033 982 4077 ac
1006 4017 1187 4078 libertatum
1211 4017 1253 4093 (si
1277 4014 1357 4076 lorte
1376 4014 1514 4092 posthac
1531 4027 1597 4071 rur·

202 4125 260 4167 sus
284 4106 527 4183 impugnentur)
558 4114 776 4182 opportunam
810 4103 1037 4165 defensionem
1068 4103 1204 4166 fideliter
1226 4105 1412 4178 conscripta
1434 4117 1454 4159 a
1477 4102 1601 4172 (cetera

202 4195 322 4254 desunt
344 4191 419 4252 lolio
444 4197 600 4252 truncato.
625 4188 752 4251 Nomen
776 4194 920 4250 auctoris
944 4207 962 4250 0
986 4191 1224 4268 subscriptione
1249 4190 1409 4250 literarum
1435 4185 1599 4246 dedicato·

202 4285 319 4341 riarum
344 4278 551 4352 sumsimus).
575 4278 692 4338 Annus
717 4280 919 4338 novissimus
944 4277 1157 4356 diplomatum
1190 4281 1223 4336 et
1256 4276 1528 4335 documentorum
1564 4276 1596 4332 in

632 4364 711 4424 libro
735 4367 972 4424 occurrentium
996 4369 1047 4424 est
1074 4362 1166 4424 1712.

304 4456 336 4511 111
361 4455 410 4510 101.
435 4455 595 4526 praeligato
618 4455 801 4525 possessoris
827 4469 934 4509 nomen
958 4461 1019 4509 est:
1048 4452 1091 4509 »1.
1118 4452 1166 4510 W.
1190 4467 1249 4508 von
1272 4451 1380 4506 Horst«
1406 4437 1435 4505 et
1450 4451 1597 4522 precium:

204 4560 290 4600 »con
315 4544 334 4597 4
358 4541 428 4596 ecus
452 4540 620 4612 d'empIre.‹

820 4653 879 4730 VI.
907 4653 946 4730 F.
975 4655 1011 4729 2.

201 4657 418 4844 01101111οἙ
442 4778 637 4841 XV-XVI
651 4779 690 4860 ff.
714 4778 766 4851 30,
790 4777 829 4839 21
846 4777 941 4856 ><14
963 4795 1026 4839 cm.
1047 4778 1064 4838 1
1089 4795 1134 4838 m.
1162 4794 1239 4837 cnm
1258 4776 1413 4856 picturis.

416 4888 484 4944 Pars
508 4904 604 4960 super.
628 4887 678 4943 lol.
707 4889 719 4942 l
746 4883 841 4942 cultro
865 4893 978 4941 resecta
1001 4893 1030 4941 et
1053 4887 1155 4941 titulus
1179 4885 1300 4940 mutilus
1323 4891 1378 4940 est.

199 4989 321 5052 Jacobi
344 4988 505 5051 Canteris
528 4986 669 5066 Phrysii
690 4986 785 5048 Rosa
807 4984 986 5048 Rosensis.
1026 4984 1165 5047 Carmen
1205 4985 1525 5060 dramatico-epicum
1557 4982 1600 5040 ad

468 5077 628 5136 honorem
653 5073 793 5134 familiae
817 5071 1077 5150 Rosenbergicae
1102 5075 1332 5149 conscriptum.

876 5297 927 5346 459
