4094 6016
1034 586 1097 646 493

413 801 416 808 ⁴
473 791 557 872 493
827 793 909 883 JJJ„
927 795 969 868 E.
998 795 1059 868 18.
1090 811 1134 876 (r.
1154 811 1174 862 1.
1194 813 1218 862 2.
1237 826 1262 860 n.
1284 810 1354 872 rar.)

369 949 570 1012 membram.
593 965 680 1011 saec.
704 911 792 1012 XIV
811 951 855 1012 in.
868 951 914 1033 ff.
939 953 992 1026 91,
1014 951 1227 1014 24·5><18·.5
1247 970 1310 1014 cin.
1335 955 1353 1014 1
1378 970 1422 1012 nr.

477 1071 580 1133 Alani
602 1071 644 1132 de
667 1071 796 1133 Insulis
820 1071 970 1135 Carmen
994 1077 1035 1135 de
1058 1073 1200 1152 planctu
1224 1079 1379 1136 naturae.

477 1193 496 1254 l.
526 1195 536 1252 l
567 1193 619 1254 »ln
644 1196 794 1254 lacrimas
826 1199 921 1262 risus,
953 1198 985 1254 in
1016 1196 1122 1254 luctus
1145 1196 1266 1272 gaudia
1297 1203 1406 1258 verto«
1433 1195 1467 1252 ><
1490 1196 1509 1258 i.
1535 1197 1594 1258 91·
1621 1200 1766 1256 »mistice

371 1284 588 1358 apparicionis
614 1281 781 1359 dereliquit
804 1287 989 1360 aspectus«

473 1467 561 1548 494
829 1469 900 1544 III.
929 1469 972 1544 E.
999 1469 1061 1544 19.
1090 1487 1135 1551 (r.
1154 1487 1174 1538 r.
1194 1463 1263 1538 nn.
1283 1490 1337 1552 rr.)

370 1627 559 1688 membran.
583 1645 670 1687 snec.
695 1625 836 1708 XIVff.
861 1629 934 1697 133,
956 1628 1035 1690 245
1044 1629 1130 1690 ><17
1154 1647 1215 1690 cm.
1240 1631 1256 1691 1
1283 1647 1328 1690 in.

477 1765 675 1827 Aristotelis
705 1765 931 1828 Politicorum
960 1766 1038 1828 libri
1070 1771 1149 1828 octo
1180 1771 1269 1840 (cum
1302 1773 1388 1829 notis
1412 1766 1642 1846 marginalibus
1667 1765 1769 1824 direr-

371 1869 481 1913 sarum
505 1864 687 1926 manuum).

478 1972 499 2032 i.
528 1973 689 2047 1³(rubr.)
716 1973 846 2052 »Incipit
870 1975 997 2051 politica
1028 1975 1245 2037 Aristotholis
1277 1979 1410 2048 (atram.)
1440 1975 1602 2053 Quoniam
1638 1989 1770 2034 omnem

370 2065 531 2122 civitatem
555 2061 725 2120 uidemus«
751 2063 784 2119 ><
807 2060 828 2120 f.
857 2061 934 2120 133a
959 2061 1066 2140 »quod
1090 2062 1235 2121 medium
1266 2069 1297 2122 et
1321 2063 1409 2141 quod
1446 2063 1601 2139 possibile
1625 2066 1657 2120 et
1680 2060 1768 2137 quod

370 2149 502 2208 decens.
528 2145 661 2226 Reliqua
684 2149 781 2207 huius
805 2152 912 2224 operis
936 2151 966 2207 in
990 2165 1087 2225 greco
1112 2149 1260 2210 nondum
1276 2153 1383 2210 inveni
1403 2199 1411 2213 .
1431 2199 1439 2210 .
1459 2197 1465 2209 .
1484 2149 1559 2211 Cor.
1577 2147 1677 2208 Finite
1695 2151 1771 2206 sunt

372 2235 497 2312 politice
522 2237 553 2294 in
577 2238 709 2294 nomine
734 2234 855 2294 domini
879 2235 1014 2295 Amen«

479 2358 624 2430 Opereulo
648 2373 744 2429 super.
776 2359 905 2428 adligata
936 2367 1004 2414 sunt
1029 2361 1045 2414 3
1070 2360 1098 2416 ii.
1125 2361 1243 2414 membr.
1276 2376 1335 2414 non
1360 2375 1450 2428 num,
1482 2364 1510 2413 in
1535 2360 1642 2429 quibus
1665 2362 1771 2428 reperi-

371 2453 458 2502 untur
481 2452 568 2500 notae
593 2447 629 2499 ad
653 2461 728 2516 opus
752 2445 927 2516 pertinentes
950 2449 1074 2517 scriptae
1099 2462 1177 2502 saec.
1209 2445 1386 2502 XIV—XV.
1412 2446 1522 2500 Ibidem
1546 2446 1576 2501 in
1599 2445 1690 2499 ironic
1716 2461 1768 2499 no-

351 2539 464 2589 tatur:
492 2533 567 2586 »Iste
590 2531 663 2587 liber
684 2533 869 2601 politicorum
893 2539 1011 2587 taxatus
1034 2541 1078 2588 est
1101 2549 1153 2604 pro
1178 2551 1237 2589 una
1261 2549 1408 2603 sexagena
1432 2535 1487 2587 lroc
1511 2538 1555 2586 est
1582 2533 1765 2586 illorenis.«

371 2620 403 2674 ln
428 2619 570 2674 scledula
594 2619 776 2672 extrinsecus
801 2619 999 2687 adglutinata:
1026 2619 1153 2674 »Textus
1178 2621 1363 2690 politicorum
1389 2622 1424 2673 dc
1440 2621 1558 2674 libraria
1580 2619 1696 2688 collegii
1709 2617 1769 2672 Ka-

371 2707 456 2761 roli«.
481 2705 572 2759 Vetus
597 2705 673 2774 sign.
698 2705 732 2774 Q,
759 2705 808 2760 30.

475 2889 559 2970 495
840 2889 911 2964 III.
940 2890 982 2964 E.
1011 2890 1071 2964 20.
1100 2906 1145 2972 (r.
1165 2907 1184 2956 r.
1204 2907 1226 2956 2.
1247 2923 1272 2958 n.
1292 2909 1344 2970 rr.)

374 3029 481 3094 Codex
503 3031 692 3092 mernbran.
716 3048 803 3091 saec.
827 3028 1015 3091 XIII—XI
1018 3029 1047 3089 V
1055 3029 1104 3108 ss.
1129 3032 1202 3101 180,
1225 3030 1268 3090 24
1282 3025 1457 3110 ><17'cm.‚
1482 3050 1551 3092 nna
1568 3049 1675 3091 mann
1693 3029 1767 3090 iiiii-

371 3119 509 3180 dissime
532 3121 704 3192 exaratns,
730 3119 790 3178 titt.
815 3117 936 3178 initial.
954 3117 1054 3197 pictis
1071 3118 1203 3197 passim
1227 3121 1420 3180 exornatus.

479 3256 498 3316 f.
528 3252 646 3314 1—72b
670 3259 828 3330 (anepigr.)
850 3253 1033 3333 Expositio
1056 3256 1347 3333 Aphorismorum
1369 3254 1601 3333 Hippocratis.
1629 3254 1767 3317 »Unius-

371 3347 530 3420 cuiusque
565 3341 691 3402 formati
725 3341 862 3403 inlorme
889 3343 991 3402 luisse
1015 3347 1224 3421 principium«
1253 3345 1284 3399 ><
1311 3360 1387 3421 »per
1406 3345 1641 3403 abstinenciam
1665 3347 1770 3420 magis

371 3435 591 3490 conservatur.
617 3429 782 3507 Explicit«

479 3551 498 3611 f.
524 3549 707 3610 732—104a
731 3553 888 3624 (anepigr.)
911 3549 1096 3627 Expositio
1119 3549 1314 3612 inbannitii
1337 3550 1500 3628 Isagogae
1524 3551 1566 3611 ad
1584 3549 1691 3626 Tegni
1707 3548 1770 3610 Ga-

371 3637 465 3700 lieni.
490 3641 593 3712 (incip.
626 3635 714 3712 prol.)
751 3635 908 3698 »Constat
941 3637 1028 3715 apud
1062 3639 1296 3715 philosophos«
1324 3641 1355 3694 ><
1383 3638 1543 3715 »quodam
1576 3641 1661 3697 enim
1694 3643 1771 3697 sunt

372 3725 508 3804 putride,
532 3724 674 3802 quedam
698 3741 775 3784 vero
799 3729 977 3784 recentes«

478 3845 498 3905 i.
526 3842 726 3906 loti-115b
750 3843 905 3922 (anepigr.)
934 3843 1119 3922 Expositio
1139 3845 1301 3906 Philareti
1324 3845 1402 3906 libri
1418 3845 1459 3906 de
1472 3845 1641 3922 pulsibus.
1661 3844 1763 3906 »Cum

370 3939 510 4011 quatuor
533 3932 620 4010 apud
645 3932 877 4011 philosophos«
905 3935 937 3988 ><
963 3937 1130 4010 »opposite
1156 3934 1299 3991 similiter
1322 3939 1472 4009 possunt.
1497 3932 1662 4009 Explicit«

479 4053 499 4114 i.
528 4050 729 4114 libb-150²
752 4057 909 4128 (anepigr.)
932 4051 1116 4130 Expositio
1140 4069 1246 4130 super
1272 4051 1394 4130 »Tegni
1429 4051 1594 4114 Gallieni·
1636 4051 1701 4113 »Ne
1727 4053 1768 4113 ad

373 4144 450 4201 tanti
475 4145 583 4218 operis
608 4141 777 4200 exordium
803 4144 991 4217 precipites«
1019 4143 1050 4196 )<
1078 4140 1341 4217 »descripclones
1365 4141 1594 4218 singulorum«

481 4260 500 4320 f.
530 4257 731 4323 1502-17812
756 4263 882 4334 (Titulus
905 4271 1011 4321 recent.
1037 4281 1125 4319 manu
1148 4265 1325 4335 inscriptus:
1352 4263 1393 4318 De
1417 4265 1508 4319 urinis
1530 4263 1676 4332 Tmoliti.)
1703 4259 1768 4322 Ex·

371 4346 603 4495 ἕῗείῒῖἰῃῐὲὶέξί
625 4346 805 4424 Theophili
839 4347 880 4407 de
904 4347 1027 4408 urinis
1057 4347 1152 4408 »Tria
1175 4365 1260 4422 esse,
1285 4365 1326 4408 ex
1351 4348 1488 4426 quibus«
1516 4350 1548 4404 ><
1574 4347 1768 4425 »perlectam

405 4451 465 4512 ges
593 4459 618 4495 .«

393 4642 435 4700 dd
481 4554 500 4615 i.
541 4551 741 4615 litii—180b
776 4554 958 4632 Registrum
995 4572 1130 4633 operum
1167 4554 1428 4632 praecedentium
1467 4571 1567 4614 manu
1603 4557 1772 4615 recentiori

371 4660 391 4703 a
440 4646 533 4702 itum..

481 4766 513 4822 In
536 4767 585 4823 sol.
610 4767 749 4837 operculo
780 4767 862 4822 inser.
894 4767 1023 4836 adligato
1047 4769 1119 4821 haec
1143 4773 1213 4821 nota
1236 4765 1380 4821 occurrit:
1416 4765 1518 4822 »1390
1543 4768 1589 4821 die
1613 4765 1666 4820 VH
1689 4765 1767 4821 Junii

461 4861 647 4908 constructus
679 4853 731 4909 fuit
761 4857 871 4924 primus
905 4853 980 4924 lapis
1012 4855 1041 4908 in
1065 4853 1200 4908 hedificio
1224 4853 1347 4907 ecclesie
1379 4868 1403 4909 s.
1427 4852 1551 4908 Petronii
1575 4851 1771 4908 Bononiensis

373 4941 456 4995 iuxta
479 4941 604 5011 plateam
629 4941 829 5010 sollempniter
851 4947 878 4994 ei
902 4941 1037 4996 devote«.
1061 4939 1123 4994 Hac
1147 4945 1216 4994 nota
1239 4939 1320 5008 origo
1345 4939 1444 4994 italica
1466 4941 1578 4994 codicis
1602 4941 1694 4995 nostri
1719 4941 1770 4995 de·

372 5035 561 5082 monstratur.
586 5026 678 5081 Vetus
702 5029 777 5098 sign.
802 5026 835 5096 B,
859 5028 888 5086 7.

1050 5245 1098 5295 196
