4060 6014
939 599 1002 662 613

375 809 407 866 In
431 811 569 882 operculo
593 826 689 884 super.
714 813 892 870 intrinsecus
916 813 992 868 tituli
1016 829 1136 886 operum
1160 818 1203 870 sic
1227 820 1382 872 notantur:
1410 813 1513 870 »Liber
1534 819 1589 872 iste
1604 831 1676 872 con-

270 897 342 952 tinet
364 898 457 968 primo
481 901 670 954 auctoritates
701 905 871 956 sanctorum
894 901 1049 956 doctorum
1073 901 1259 969 concordate,
1291 901 1362 957 Item
1386 917 1476 972 super
1497 909 1560 958 tota
1584 903 1675 958 biblia

270 990 406 1055 excerpta
433 986 540 1040 bona«

373 1152 453 1233 672
727 1154 797 1230 IV.
825 1156 873 1230 D.
900 1154 962 1230 18.
991 1171 1035 1237 (r.
1054 1171 1075 1222 r.
1093 1173 1157 1223 an.
1175 1171 1230 1238 cr.)

271 1309 379 1373 chart.
401 1328 489 1374 socc.
513 1311 599 1374 XIV
618 1330 665 1375 ex.
689 1311 842 1394 (parsu.
866 1313 964 1393 1389)
976 1313 1022 1396 ff
1046 1314 1112 1376 358
1133 1332 1237 1389 nram,
1261 1315 1432 1379 29·5><21
1458 1333 1520 1378 cru.
1544 1315 1631 1378 2m.

377 1432 397 1493 1.
427 1429 544 1493 1-361
585 1433 752 1496 Bernardi
793 1431 1086 1498 claraevallensis
1131 1435 1320 1498 Sermones
1361 1453 1467 1515 super
1500 1437 1674 1515 psalmum

273 1518 360 1598 »Qui
389 1519 552 1582 habitat«.
581 1519 784 1583 »Considero
809 1523 954 1583 laborem
988 1529 1154 1584 vestrum·
1181 1525 1214 1582 ><
1240 1525 1400 1585 »salutare
1435 1530 1527 1585 tuum
1558 1524 1674 1586 Jesum

271 1611 361 1666 tuum
397 1607 567 1668 dominum
598 1615 758 1675 nostrum,
793 1613 848 1687 qui
879 1617 939 1670 etc.
971 1609 1060 1671 Finis
1093 1609 1270 1671 Bernhardi
1302 1627 1401 1690 super
1423 1612 1587 1690 psalmum
1611 1611 1673 1691 Qui

271 1693 423 1754 habitat«

376 1780 398 1842 i.
422 1776 580 1842 37⁸-80b
602 1781 783 1843 Wilhelmi
805 1780 1016 1844 Parisiensis
1040 1783 1239 1845 cancellarii
1260 1782 1485 1846 Postillarum
1499 1789 1671 1863 excerpta.

270 1864 375 1938 »Cum
399 1871 697 1947 appropinquasset
718 1868 836 1930 iesus«
862 1871 896 1928 ><
923 1875 973 1931 »et
995 1886 1057 1930 vos
1080 1887 1168 1932 nunc
1192 1875 1358 1932 tristiciam
1380 1872 1538 1933 habetis«

378 1953 400 2016 1.
423 1950 583 2016 sot-83·
615 1959 752 2030 (rubria.)
792 1955 1006 2018 »Collectum
1041 1958 1208 2036 quoddam
1243 1958 1286 2019 de
1319 1959 1566 2021 communione
1600 1958 1674 2038 lay-

269 2057 390 2103 corum
412 2057 475 2118 per
504 2041 685 2104 doctores«
722 2041 901 2121 »Queritun
926 2061 968 2104 an
993 2060 1135 2121 persona
1168 2045 1263 2124 layca
1286 2050 1392 2122 possit
1415 2047 1553 2124 singulis
1577 2051 1672 2125 septi-

269 2131 375 2188 manis
400 2132 567 2206 suscipere
591 2146 712 2208 corpus
736 2128 865 2192 Christi.
899 2129 1054 2191 Dimissis
1077 2132 1219 2191 articulis
1243 2139 1357 2193 contra
1379 2133 1559 2193 videndum
1584 2134 1673 2212 quod

270 2217 329 2274 sit«
356 2215 389 2271 ><
414 2232 520 2293 »pena
543 2220 717 2294 purgatorii
741 2233 800 2294 pro
824 2223 960 2294 peccato
984 2217 1094 2278 debita
1117 2218 1266 2280 donatur.
1290 2219 1397 2280 Amen
1422 2221 1600 2281 solamen«

377 2301 397 2361 1.
433 2301 611 2363 84·-188·
643 2301 778 2366 Nicolai
809 2303 851 2365 de
887 2301 1034 2366 Gorram
1068 2302 1351 2367 Commentarius
1386 2321 1493 2384 super
1529 2304 1674 2367 Cantica

269 2387 495 2450 canticorum.
533 2389 811 2451 »Benedicciones
847 2391 936 2452 dabit
969 2391 1151 2469 legislator«
1185 2393 1219 2451 ><
1245 2390 1403 2470 »Explicit
1436 2391 1541 2454 Gorra
1575 2409 1674 2471 super

269 2479 397 2535 cantica
427 2479 627 2537 canticorum
651 2475 763 2538 finitus
787 2476 825 2539 ΙΙΙ
849 2477 904 2538 ier.
930 2485 1007 2556 post
1037 2476 1157 2540 festum
1182 2495 1208 2540 s.
1234 2477 1380 2558 Procopii
1403 2496 1433 2542 a.
1458 2480 1488 2542 d.
1515 2477 1668 2558 138(9?)«

271 2559 448 2634 (Dimidius
471 2579 629 2624 numerus
659 2565 793 2624 ultimus
817 2575 955 2643 atquae
980 2571 1164 2643 sequuntur
1185 2566 1287 2626 cultro
1311 2569 1424 2626 excisa
1447 2572 1534 2627 sunt.
1558 2564 1672 2644 Ungar

270 2652 302 2708 in
325 2647 450 2708 Balbini
473 2649 554 2710 Boh.
580 2651 679 2711 docta
701 2650 749 2722 111,
773 2650 814 2711 82
838 2652 937 2712 habet
963 2649 1070 2724 1389.)

376 2734 396 2795 i.
426 2731 625 2798 1892-358b
649 2734 806 2815 Gregorii
828 2752 938 2815 papae
961 2737 976 2798 1
997 2736 1172 2800 Homiliae
1202 2754 1309 2816 super
1330 2737 1557 2802 Ezechielem.
1596 2737 1672 2799 »Di-

270 2822 448 2882 lectissimo
472 2821 558 2884 iratri
582 2822 763 2886 Mariniano
787 2829 963 2902 episcopm
985 2821 1013 2888 ><
1032 2823 1189 2902 »Explicit
1211 2826 1290 2886 iiber
1305 2830 1528 2904 exposicionis
1545 2826 1575 2886 b.
1592 2825 1671 2886 Gre-

267 2912 348 2986 gorii
373 2925 456 2986 pape
487 2925 587 2987 super
609 2910 814 2971 Ezechielem
839 2912 1041 2990 prophetam.
1074 2910 1199 2972 Omelie
1222 2915 1255 2973 in
1278 2929 1416 2974 numero
1439 2916 1550 2992 viginti
1574 2913 1668 2974 dues

268 2993 422 3073 Sequitur
445 3000 615 3074 registrum
640 2998 828 3058 earundem.

371 3199 452 3282 673
731 3203 800 3278 IV.
828 3205 876 3278 D.
905 3204 965 3279 19.
994 3221 1038 3284 (r.
1057 3221 1153 3274 ran.
1172 3225 1226 3286 cs.)

268 3341 376 3403 chart.
399 3360 487 3405 saec.
510 3340 597 3404 XIV
616 3360 662 3404 cx.
688 3340 785 3426 (pars
807 3361 838 3405 c.
863 3345 962 3420 1881)
982 3345 1020 3427 ff.
1045 3346 1109 3408 134
1132 3364 1236 3425 nram„
1259 3347 1430 3409 29·5><21
1457 3365 1520 3410 cm.
1545 3348 1577 3410 d.
1601 3367 1646 3410 m.

376 3462 396 3525 i.
424 3463 541 3524 1-59·
563 3463 825 3542 Sequentiarius
849 3483 914 3528 seu
936 3466 1121 3529 Prosarius
1144 3467 1474 3531 latino-bohemicus
1497 3474 1669 3532 continens

268 3553 506 3627 expositionem
538 3568 710 3630 prosarum
742 3570 799 3631 per
829 3554 985 3614 circulum
1019 3558 1096 3615 anni
1134 3555 1266 3616 latinam
1297 3572 1373 3616 cum
1406 3561 1668 3634 interpretatione

267 3636 447 3698 bohemica.
476 3636 682 3700 »Memoriale
706 3646 799 3701 tuum
822 3643 855 3702 in
878 3645 1113 3719 generacione«
1140 3643 1173 3700 ><
1199 3641 1356 3721 »Explicit
1378 3643 1457 3703 liber
1479 3648 1615 3722 prosarii
1639 3651 1670 3704 et

267 3727 435 3801 exposicio
458 3728 562 3803 ipsius
586 3743 645 3803 per
668 3743 787 3788 manus
811 3729 887 3802 (sic)
910 3727 1021 3788 finitus
1044 3746 1074 3788 a.
1099 3728 1129 3788 d.
1158 3727 1238 3790 1381
1263 3734 1413 3807 proxima
1435 3729 1514 3790 seria
1536 3729 1579 3792 IV
1594 3737 1669 3792 ante

266 3809 388 3870 festum
412 3827 439 3872 s.
463 3810 658 3874 Benedictis
692 3807 906 3876 Sekvencia'ti
935 3809 1215 3895 latinslro-tesky'
1247 3815 1281 3893 (z
1316 3817 1430 3894 rukop.
1466 3815 1667 3895 Opavske'ho

266 3896 344 3975 vyd.
367 3895 407 3958 V.
431 3895 542 3958 Hauer
563 3916 585 3959 v
609 3897 685 3962 List.
710 3899 830 3978 filolog.
859 3901 940 3962 1895
963 3919 983 3962 a
1009 3901 1114 3978 1896).

374 4000 394 4060 i.
419 3997 579 4062 (iob-68b
603 4000 781 4066 Sermones
804 4005 935 4083 aliquot,
960 4011 1035 4084 post
1058 4023 1142 4084 quos
1167 4007 1233 4067 duo
1256 4006 1332 4068 folia
1355 4011 1468 4069 excisa
1491 4015 1578 4069 sunt.

369 4103 389 4164 i.
414 4103 597 4166 691-119ΙΙ
621 4105 880 4168 Concordantia
901 4109 1034 4170 veteris
1058 4113 1093 4170 et
1115 4109 1200 4171 novi
1211 4111 1423 4173 testamenti.
1449 4109 1561 4184 »Nota
1579 4113 1668 4191 quod

267 4206 324 4268 per
346 4195 450 4252 totum
474 4192 589 4253 librum
614 4209 744 4272 semper
767 4193 831 4254 due
855 4195 988 4256 historie
1012 4199 1131 4256 veteris
1155 4203 1187 4257 et
1209 4214 1312 4258 unum
1342 4203 1560 4276 ewangelium
1592 4205 1667 4260 novi

266 4282 450 4338 testamenti
470 4329 477 4341 .
497 4329 503 4340 .
523 4328 531 4342 .
550 4283 647 4341 unius
671 4285 803 4341 materie
827 4281 1100 4342 concordanciam
1114 4283 1425 4360 comprehendunt«
1445 4287 1572 4364 (Incipt)
1592 4285 1668 4346 »Le-

265 4367 349 4441 gitur
370 4367 402 4425 in
425 4371 556 4443 genesi«
583 4367 617 4425 ><
642 4366 799 4446 »Explicit
821 4369 1063 4430 concordancia
1084 4375 1147 4430 vet.
1172 4379 1204 4431 et
1226 4375 1303 4432 novi
1327 4377 1420 4432 test«

372 4467 392 4530 1.
422 4465 621 4531 1191-1261
651 4469 833 4532 Tractatus
866 4472 908 4533 de
938 4488 1083 4550 corpore
1113 4471 1254 4536 Christi.
1291 4473 1344 4536 »In
1378 4480 1510 4537 nomine
1545 4477 1668 4538 domini

267 4553 383 4616 Amen.
408 4553 559 4616 Ezechiel
581 4561 613 4618 in
637 4561 764 4618 visione
788 4558 857 4618 dei«
884 4561 917 4616 ><
943 4563 1057 4620 »sicuti
1080 4565 1186 4622 estin
1211 4563 1346 4640 speculo
1370 4569 1479 4624 eterne
1503 4563 1665 4637 claritatis,

266 4641 353 4718 quod
377 4645 447 4721 ipse
471 4649 615 4720 prestare
639 4644 797 4723 dignetur,
821 4649 895 4724 qui«
922 4651 981 4706 etc.
1007 4645 1136 4724 (Eidem
1160 4650 1320 4726 opusculo
1344 4653 1376 4710 in
1400 4651 1472 4711 cod.
1498 4649 1544 4711 lii.
1570 4649 1598 4710 D
1628 4650 1665 4711 13

266 4732 298 4787 et
319 4726 357 4792 V.
382 4727 419 4791 C.
446 4729 485 4792 19
508 4732 691 4792 inscribitur
716 4730 876 4794 »Victoria
899 4731 1021 4808 fidem.)

371 4831 393 4893 i.
421 4831 622 4895 1272—128b
655 4835 842 4915 physiologi
874 4838 996 4917 aliquot
1029 4855 1148 4900 versus
1178 4844 1317 4920 expositi
1349 4856 1425 4902 curn
1448 4841 1519 4901 rudi
1543 4845 1667 4919 pictura

264 4920 297 4977 in
320 4916 394 4992 fine,
430 4936 496 4999 qua
525 4927 715 5000 proponitur
749 4941 860 5002 pugna
893 4925 1047 4986 monachi
1072 4942 1147 4986 cum
1172 4928 1311 4989 diabolo.
1344 4925 1411 4990 Sed
1435 4931 1561 5007 pictura
1584 4928 1666 4988 haec

264 5008 430 5067 excisione
453 5007 548 5067 valde
572 5009 662 5070 laesa
685 5015 744 5070 est.

370 5092 390 5154 i.
420 5091 622 5155 1292-13412
647 5093 825 5158 Sermones
848 5101 935 5159 varii.

939 5321 989 5373 269
