3974 6014
1023 573 1082 634 153

457 778 476 840 l.
505 773 706 840 189b---194b
730 778 919 841 Orationes
942 781 1104 859 quaedam
1121 785 1157 842 et
1174 779 1343 858 eplstolae
1359 779 1484 852 (Oratio
1501 780 1541 840 de
1558 783 1755 858 praestantia

348 869 496 938 iustitiae,
521 865 558 926 ln
582 866 703 928 funere
734 866 904 928 Ludovici
933 867 1118 942 BentiVoli,
1149 867 1286 946 epistola
1309 866 1351 927 ad
1375 866 1560 945 papamde
1582 867 1753 927 virtutibus

349 951 509 1014 Laurentii
534 953 574 1012 de
598 951 733 1014 Justinis
757 953 798 1013 de
821 957 949 1014 civitate
972 952 1113 1028 castelli,
1145 958 1220 1014 item
1244 954 1286 1014 ad
1310 950 1478 1014 Nicolaum
1504 953 1545 1014 de
1561 951 1752 1032 Capranica,

349 1043 450 1100 oratio
475 1039 637 1118 quaedam
661 1040 703 1100 ad
728 1041 908 1114 consules).
1051 1107 1054 1114 ,

456 1125 476 1185 i.
505 1125 564 1186 195
594 1124 697 1187 Notae
726 1130 844 1201 variae,
875 1143 1012 1207 quarum
1041 1144 1116 1205 pars
1148 1130 1315 1188 concernit
1344 1126 1503 1186 librariam
1528 1125 1664 1186 alicuius
1688 1125 1752 1186 col-

348 1213 420 1289 legii
444 1211 534 1290 Prag.

456 1297 476 1358 i.
505 1298 705 1360 1962-201l
729 1298 770 1361 A.
794 1298 838 1360 Μ.
861 1297 896 1360 Τ.
920 1298 1079 1361 Severini
1101 1298 1238 1361 Boethii
1261 1297 1311 1360 De
1335 1299 1440 1362 modo
1454 1297 1700 1376 progrediendi
1715 1298 1753 1358 in

349 1383 515 1446 discendo
538 1391 574 1446 et
602 1385 758 1448 docendo
789 1385 891 1464 (alias
921 1385 1107 1462 Speculum
1131 1385 1368 1464 scholarium).
1393 1419 1434 1430 -
1458 1384 1552 1464 Opus
1576 1389 1752 1464 suppositi·

350 1475 428 1532 tium
451 1489 583 1532 -cum
601 1477 687 1534 notis
703 1473 870 1551 permultis
882 1473 1123 1551 marginalibus
1139 1470 1276 1533 »Vestra
1291 1476 1382 1534 novit
1396 1477 1555 1534 intencio«
1572 1473 1603 1530 ><
1620 1472 1751 1532 »ultima

349 1565 458 1620 tamen
482 1560 564 1619 alius
588 1563 715 1638 saporis
738 1563 983 1638 inquinamenta
1006 1561 1251 1637 permanebunt.
1290 1557 1360 1620 Deo
1382 1563 1520 1637 gracias.
1546 1559 1670 1620 Finitus
1693 1564 1744 1618 est

349 1645 400 1705 hic
432 1645 510 1705 liber
542 1663 571 1706 a.
614 1645 694 1706 1462
726 1645 781 1706 ler.
824 1645 866 1708 VI
901 1662 1030 1722 magna,
1065 1645 1144 1706 seria
1176 1646 1202 1708 Il
1235 1651 1344 1706 autem
1386 1645 1534 1706 eiusdem
1570 1649 1751 1723 septimane

350 1729 486 1791 effectus
508 1735 571 1806 (sic
595 1749 653 1811 pro
677 1737 825 1808 evectus)
850 1732 894 1793 sui
918 1737 949 1793 in
974 1736 1164 1809 magistrum
1190 1733 1252 1792 sub
1276 1739 1398 1793 rectore
1423 1735 1641 1792 universitatis
1666 1747 1752 1809 mag.

349 1817 499 1879 Iohanne
530 1818 570 1878 de
594 1818 698 1897 Praga
727 1824 760 1880 et
782 1823 813 1880 in
838 1821 936 1880 robur
958 1819 1056 1880 buius
1080 1819 1308 1896 complementi
1340 1819 1577 1879 illustrissimus
1601 1822 1752 1896 princeps

350 1904 535 1966 Victorinus
559 1905 626 1966 dux
649 1903 957 1983 Minsterbergensis
992 1923 1105 1967 comes
1128 1905 1238 1966 Glaeie
1262 1909 1453 1984 capitaneus
1475 1904 1620 1966 llloravie
1655 1904 1685 1965 d.
1721 1909 1753 1963 et

350 1991 381 2052 d.
406 1992 447 2052 de
471 1991 650 2052 Podiebrad
674 1993 749 2053 lecit
771 1994 941 2071 solempne
965 1993 1135 2070 prandium
1166 1993 1343 2071 collegiatis
1374 1990 1509 2054 Caroli«
1535 1989 1584 2065 (Si
1608 1991 1751 2052 contule-

351 2082 452 2138 n'mus
487 2078 528 2152 id,
570 2079 659 2156 quod
702 2080 743 2140 ad
786 2080 926 2140 eundem
967 2095 1090 2140 annum
1132 2078 1227 2139 refert
1261 2079 1354 2140 Liber
1388 2079 1588 2139 decanorum
1629 2077 1664 2152 ll,
1700 2077 1751 2150 79,

350 2181 571 2242 agnoscemus
606 2167 747 2226 scribam
777 2165 822 2227 Μ.
852 2165 1102 2228 wenceslaum
1137 2166 1178 2226 de
1209 2165 1388 2241 Chrudim,
1419 2182 1527 2245 aquo
1551 2169 1646 2226 etiam
1671 2166 1751 2224 aliae

353 2257 460 2329 partes
484 2251 608 2312 codicis
632 2257 733 2313 nostri
758 2257 896 2331 scriptae
920 2269 995 2313 esse
1019 2252 1191 2324 videntur).

459 2337 479 2397 l.
504 2334 625 2398 201⁸·b
648 2337 802 2401 Senecae
826 2339 868 2400 ad
891 2338 1062 2400 Lucilium
1086 2337 1253 2416 epistolae
1276 2337 1305 2399 II
1327 2343 1363 2399 et
1384 2337 1470 2399 VIII.

459 2423 479 2484 s.
503 2421 709 2486 2022-204b
746 2424 901 2504 (Martini
934 2423 1132 2504 cuiusdam)
1160 2423 1342 2486 Tractatus
1366 2426 1408 2486 de
1438 2424 1543 2486 modo
1566 2421 1755 2484 artificioso

351 2510 530 2587 studendi,
553 2512 769 2591 intelligendi
793 2518 828 2574 et
850 2511 1077 2573 memorandi.
1108 2510 1281 2589 »Magnam
1305 2512 1476 2572 cuiuslibet
1498 2514 1574 2570 artis
1586 2513 1651 2570 vim
1666 2525 1753 2569 com-

351 2603 442 2674 parat
474 2598 657 2658 artilex‹><
673 2605 726 2659 »ut
756 2599 846 2679 quod
881 2605 991 2659 nostre
1023 2599 1116 2658 beate
1141 2603 1323 2658 minoravit
1357 2601 1533 2670 societatis
1568 2597 1755 2674 adaugeant

352 2700 532 2761 paucorum
558 2686 659 2746 multa
682 2689 812 2763 ingenia
835 2689 984 2764 preciosa
1006 2685 1048 2745 ad
1072 2685 1241 2760 honorem,
1265 2688 1318 2764 qui
1342 2701 1473 2762 semper
1494 2687 1572 2744 vivit
1595 2689 1627 2742 et
1642 2689 1756 2760 regnat

352 2771 486 2831 Amen«
514 2770 576 2842 (Cf.
602 2772 674 2832 cod.
698 2771 780 2834 XIV.
804 2771 838 2832 F.
867 2772 930 2844 18.)

460 2855 481 2918 l.
505 2857 711 2918 2054-207ιι
733 2857 866 2920 Seneca
889 2859 931 2918 de
954 2857 976 2918 4
997 2856 1187 2919 virtutibus
1211 2855 1442 2919 cardinalibus
1465 2871 1540 2916 cum
1557 2855 1756 2933 praelatione

352 2949 384 3002 et
407 2948 642 3006 commentario
666 2946 867 3006 interlineari.
902 2943 1071 3023 »Quatuor
1093 2951 1171 3005 sunt
1192 2948 1345 3004 virtutum
1369 2947 1517 3020 species«
1545 2944 1576 2994 ><
1604 2948 1678 3003 »aut
1701 2943 1756 3002 de-

352 3028 514 3090 ficientem
550 3037 738 3092 contemnat
771 3035 967 3109 ignaviam«.
999 3031 1136 3105 (Auctor
1165 3037 1216 3090 est
1248 3030 1420 3094 Martinus
1454 3028 1657 3091 Dumiensis
1692 3045 1757 3090 seu

351 3114 626 3196 Braccarensis.)

459 3201 480 3262 i.
505 3199 584 3264 207b
606 3204 760 3267 Senecae
784 3203 826 3264 ad
850 3203 1020 3266 Lucilium
1043 3201 1192 3280 epistola
1212 3202 1269 3264 XI.

461 3287 482 3348 1.
507 3289 570 3352 208
592 3290 715 3352 Monita
739 3290 900 3369 quaedam
925 3291 1068 3362 moralia.
1096 3290 1184 3367 »Age
1209 3290 1250 3350 lili
1276 3295 1310 3348 ut
1333 3295 1468 3366 oportet,
1492 3307 1552 3366 age
1576 3295 1612 3349 ut
1627 3289 1750 3350 decet«

461 3374 482 3434 l.
506 3375 570 3436 209
594 3375 738 3454 Epistola
761 3378 980 3438 consolatoria
1002 3377 1044 3436 ad
1069 3380 1229 3447 maritum,
1254 3379 1307 3454 qui
1331 3392 1467 3436 uxorem
1491 3379 1607 3436 amisit.

460 3461 480 3522 l.
505 3459 710 3524 2102—223b
733 3463 873 3525 Aeneae
903 3462 1004 3524 Silvii
1027 3461 1165 3540 (postea
1186 3461 1238 3524 Pii
1259 3461 1303 3540 II)
1325 3461 1502 3539 Epistolae
1526 3463 1705 3539 quaedam.

461 3547 481 3608 1.
506 3545 710 3610 2242—22812
734 3549 891 3610 Eiusdem
915 3551 1071 3627 epistolae
1094 3551 1157 3608 alia
1179 3565 1278 3609 manu
1302 3553 1421 3608 cursim
1446 3553 1607 3615 exaratae.
1633 3555 1665 3608 et
1687 3565 1755 3608 una

354 3633 504 3695 Friden'ci
529 3641 614 3715 regis
641 3637 891 3696 »laureationem
915 3635 1024 3696 Enee«
1050 3651 1263 3696 concernens,

459 3720 480 3782 i.
505 3719 709 3784 2292-230b
732 3721 862 3784 Valerii
885 3721 1028 3784 Maximi
1051 3721 1094 3782 ad
1110 3720 1273 3783 Rufinum
1289 3721 1495 3799 epistolaria
1511 3737 1583 3784 non
1600 3721 1759 3782 ducenda

352 3823 472 3868 uxore.

461 3894 482 3955 l.
506 3891 587 3954 2311
609 3893 713 3956 Notae
738 3896 901 3975 quaedam
926 3895 1044 3956 nullius
1069 3898 1234 3954 momenti.

460 3985 506 4040 Ad
518 3986 656 4056 opercula
667 3987 788 4056 inligata
811 3985 989 4042 sunt2lolia
1012 3985 1137 4040 alicuius
1167 3986 1233 4039 cod.
1258 3985 1377 4041 membr.
1401 3999 1479 4040 saec.
1503 3981 1570 4037 XIII
1594 3985 1757 4052 argumenti

352 4071 458 4142 philos.
491 4071 593 4127 Codex
624 4073 713 4128 luisse
747 4073 862 4128 videtur
891 4072 932 4128 M.
963 4071 1132 4126 Wenceslai
1156 4072 1192 4125 de
1216 4069 1365 4133 Cbrudim,
1397 4085 1482 4141 quem
1507 4069 1659 4124 concernit
1684 4075 1757 4123 nota

353 4159 523 4228 marginalis
546 4161 575 4214 in
599 4159 617 4216 l.
651 4159 708 4215 201
744 4174 918 4216 occurrens:
956 4157 1036 4213 »Rex
1059 4157 1215 4212 Ladislaus
1239 4155 1333 4212 felicis
1354 4157 1573 4212 recordacionis
1597 4154 1756 4210 defunctus

352 4251 397 4300 est
420 4261 446 4300 a.
471 4247 499 4300 d.
528 4245 607 4300 1457
631 4247 678 4301 die
702 4245 869 4301 Clementis.
893 4243 958 4314 lpse
981 4249 1052 4298 tunc
1082 4243 1221 4313 temporis
1251 4241 1360 4298 fueram
1388 4243 1424 4297 18
1449 4257 1594 4296 annorum
1617 4243 1705 4297 credo
1730 4251 1758 4295 et

353 4347 411 4386 non
436 4331 580 4402 ampIIus;
603 4347 670 4387 nam
694 4333 760 4388 steti
785 4334 822 4387 ad
846 4332 1030 4386 baccalarios
1053 4335 1081 4384 et
1104 4344 1200 4383 annos
1224 4329 1260 4382 ad
1285 4329 1456 4399 magistrum
1480 4329 1498 4382 4
1523 4335 1624 4398 puto«
1651 4326 1756 4383 Codex

353 4418 423 4474 bibl.
447 4417 689 4489 Rosenbergicae,
714 4419 819 4474 deinde
843 4417 1013 4473 monasterii
1035 4414 1232 4470 Tiebonensis
1256 4423 1326 4470 erat.
1351 4415 1392 4470 CI.
1416 4411 1541 4469 Vestnik
1564 4395 1597 4469 ἆ.
1614 4414 1649 4471 Α,
1673 4414 1754 4468 1897

353 4522 379 4576 p.
405 4505 477 4563 473.

460 4673 529 4754 153
964 4671 993 4745 I.
1021 4670 1068 4744 D.
1097 4669 1157 4743 13.

354 4813 461 4874 chart.
485 4831 571 4875 saec.
595 4813 717 4895 XVff.
740 4813 807 4875 143
828 4829 932 4886 imm,
955 4808 1093 4872 30><21
1121 4825 1183 4868 cm.
1208 4807 1224 4867 1
1250 4823 1294 4868 m.

465 4935 622 4998 1⁸--137a
646 4934 806 5014 (Antonii
820 4929 1037 5008 Parmensis)
1053 4927 1241 4992 Sermones
1257 4929 1298 4988 de
1309 4931 1476 5004 tempore.
1506 4927 1662 5004 »Explicit
1677 4927 1758 4989 liber

354 5039 453 5101 super
482 5024 668 5102 evangelia«
701 5027 860 5101 (sequens
890 5019 1026 5080 verbum
1057 5030 1188 5075 erasum
1219 5019 1292 5086 est).
1323 5014 1394 5074 Alia
1417 5030 1536 5074 manus
1560 5013 1619 5074 sed
1642 5014 1754 5076 adhuc

1039 5237 1072 5288 56
