3990 6012
1085 615 1143 676 871

523 823 543 884 i.
572 819 772 883 1402-146b
796 822 829 885 S.
863 823 1049 900 Augustini
1083 823 1184 885 Liber
1218 823 1259 886 de
1292 840 1379 885 vera
1411 829 1447 885 et
1479 822 1569 884 falsa
1591 822 1813 900 poenitentia

423 908 608 988 »Quantum
633 913 674 970 sit
697 909 882 987 appetenda
903 915 1031 987 gracia«
1057 911 1090 968 ><
1117 911 1236 971 »odore
1260 916 1292 971 et
1325 914 1506 971 suavitatis.
1553 909 1675 972 Finitur
1698 909 1738 970 de
1761 927 1815 988 pe·

419 1000 560 1056 nitencia
581 1013 658 1056 vera
681 1003 713 1056 et
735 996 846 1057 falsa«

527 1083 546 1143 l.
576 1079 776 1144 libb-149⁸
807 1081 972 1144 Eiusdem
1007 1082 1192 1160 Speculum
1226 1082 1429 1161 peccatoris.
1473 1081 1666 1160 »Quoniam
1701 1083 1815 1144 iratres

418 1170 590 1237 karissimi,
614 1173 645 1229 in
669 1174 722 1229 via
744 1169 841 1229 huius
865 1171 985 1229 seculi«
1013 1170 1052 1247 ><
1080 1170 1187 1248 »quod
1212 1171 1265 1230 tibi
1297 1170 1457 1232 concedat
1491 1171 1551 1242 ille,
1591 1174 1646 1248 qui
1680 1174 1712 1232 in
1747 1186 1813 1230 sec.

419 1273 484 1316 sec.
511 1263 561 1317 est
584 1257 667 1316 deus
691 1257 913 1321 benedictus«

522 1343 542 1404 l.
571 1342 768 1403 rasi-150·
789 1342 825 1404 B.
849 1341 1009 1404 Anselml
1032 1339 1296 1404 cantuariensis
1314 1341 1524 1418 »Tractatus
1549 1345 1723 1420 quomodo
1742 1342 1816 1405 vita

418 1445 565 1506 presens
601 1428 673 1491 fere
706 1433 782 1490 tota
804 1434 859 1491 est
881 1429 1103 1506 inpeccato«
1153 1428 1280 1489 »Ferret
1311 1427 1386 1508 (sic)
1417 1447 1468 1490 me
1492 1433 1558 1490 uita
1580 1428 1672 1490 mea«
1699 1431 1731 1486 ><
1758 1428 1816 1490 »Et

418 1519 466 1576 sic
490 1521 542 1576 est
564 1515 640 1577 linis
662 1521 818 1577 tractatus
843 1518 872 1578 b.
897 1517 1070 1576 Anzhelmi
1094 1519 1125 1576 in
1151 1519 1307 1593 principio
1331 1517 1477 1576 eiusdem
1502 1517 1659 1578 intitulati.
1691 1515 1815 1577 Finitus

418 1609 469 1662 est
492 1609 600 1662 autem
624 1604 703 1663 liber
725 1607 785 1664 iste
810 1604 872 1663 sub
896 1621 924 1662 a.
954 1602 983 1663 d.
1011 1601 1094 1663 1389
1117 1602 1168 1662 die
1192 1601 1264 1664 XVI
1291 1608 1415 1670 mensis
1440 1601 1592 1664 Octobris
1616 1620 1673 1682 per
1696 1619 1815 1664 manus

418 1688 556 1750 Martini
580 1689 653 1750 nati
675 1690 849 1767 quondam
871 1688 1012 1751 Henrici
1035 1691 1077 1751 de
1101 1687 1315 1768 Mnychow.‹
1357 1688 1509 1768 Sequitur
1540 1697 1618 1751 nota
1641 1692 1723 1750 alius
1748 1707 1814 1750 ma·

417 1792 481 1836 nus
505 1775 651 1836 radendo
674 1777 780 1836 laesa:
809 1775 1022 1836 »Helmoldus
1045 1781 1150 1836 rector
1171 1780 1391 1838 universitatis
1423 1795 1451 1838 a.
1478 1777 1507 1836 d.
1550 1776 1630 1838 1398
1664 1781 1695 1837 in
1731 1775 1815 1836 lesio

418 1879 445 1922 s,
470 1860 607 1930 Martini.
633 1864 696 1922 sub
720 1879 785 1943 quo
808 1862 851 1923 65
875 1879 901 1922 s
927 1863 1073 1923 intitulati
1097 1879 1244 1925 sumus«

522 1951 554 2006 In
578 1954 716 2022 operculo
740 1968 836 2023 super.
860 1953 1037 2008 intrinsecus
1060 1959 1087 2006 et
1110 1953 1140 2007 in
1163 1952 1214 2010 iol.
1239 1953 1397 2022 praeligato
1422 1958 1579 2008 occurrunt
1591 1952 1712 2008 Formae
1729 1953 1816 2006 abso·

417 2038 538 2093 lutionis
561 2045 589 2093 et
612 2045 699 2094 notae
723 2041 819 2093 variae
843 2040 1042 2109 indulgentias
1066 2041 1134 2094 anni
1159 2039 1278 2094 iubilaei
1299 2040 1378 2094 1393
1397 2047 1616 2097 concernentes,
1639 2039 1710 2094 Item
1726 2054 1814 2093 manu

418 2127 570 2179 recentiori
593 2127 717 2181 additur:
745 2124 820 2180 »Iste
845 2132 888 2180 est
911 2126 984 2181 liber
1006 2128 1084 2183 dom.
1109 2125 1278 2181 Wenceslai
1309 2127 1427 2197 plebani
1458 2129 1488 2181 in
1518 2126 1763 2196 Michalowycz‹,
1788 2131 1816 2179 ei

417 2212 623 2281 specificantur
646 2219 792 2268 contenta.
817 2211 850 2266 ln
874 2212 1012 2283 operculo
1036 2213 1116 2270 infer.
1142 2214 1319 2268 intrinsecus
1336 2219 1454 2268 exarata
1470 2219 1513 2268 esi
1530 2213 1655 2283 epistola
1671 2211 1814 2266 invectiva

416 2298 447 2352 ln
471 2300 618 2369 quendam
642 2301 822 2354 sacerdotem
847 2301 1027 2366 mendacem,
1051 2299 1209 2370 plebanum
1244 2300 1386 2355 ecclesiae
1421 2301 1451 2353 in
1485 2300 1599 2354 Juniori
1633 2299 1813 2354 Boleslavia.

415 2383 508 2440 Vetus
534 2388 609 2454 sign.
636 2387 655 2454 i,
679 2387 733 2442 49.

518 2550 588 2632 871
905 2552 943 2627 V.
970 2553 1018 2628 D.
1045 2553 1081 2626 3.
1101 2569 1347 2635 (r.1.a.n.ar.>

415 2691 522 2752 chart.
548 2711 580 2754 a.
604 2693 690 2754 1407
712 2693 749 2774 θ.
773 2695 846 2769 263,
868 2695 909 2757 31
925 2695 1011 2756 ><22
1034 2711 1096 2755 cm.
1121 2694 1139 2755 1
1163 2711 1208 2754 m.

652 2813 909 2877 Bartholomaei
931 2815 973 2876 de
996 2814 1029 2877 S.
1053 2812 1249 2876 Concordio
1272 2813 1416 2876 Summa
1437 2813 1574 2876 Pisana.

524 2901 544 2961 f.
580 2902 610 2960 1α
643 2901 835 2980 »Quoniam
874 2908 911 2962 ut
939 2907 983 2962 ait
1011 2897 1188 2980 Gregorius
1220 2917 1319 2979 super
1348 2899 1572 2962 Ezechielem«
1610 2901 1647 2978 ><
1680 2899 1699 2960 f.
1734 2897 1815 2960 259¹²

418 2983 712 3049 »consummatum
743 2988 802 3050 luit
831 2990 895 3050 hoc
925 3005 1010 3067 opus
1033 2992 1065 3048 in
1089 2992 1215 3050 civitate
1246 2987 1377 3066 Pysana
1400 2987 1514 3066 perir.
1539 2987 1575 3048 B.
1600 2988 1640 3048 de
1665 2984 1698 3050 S.
1722 2985 1813 3048 C...

415 3090 443 3132 a.
469 3073 499 3134 d.
529 3073 610 3136 1338
634 3076 684 3135 die
709 3075 737 3136 7.
762 3081 887 3136 mensis
911 3074 1101 3136 Decembris
1121 3123 1127 3136 .
1148 3122 1155 3135 .
1176 3123 1182 3138 .
1202 3073 1319 3134 Bartol.
1344 3075 1465 3137 oblita.
1486 3073 1566 3135 1347
1585 3075 1636 3134 die
1652 3073 1672 3133 2
1688 3077 1814 3136 mensis

413 3157 514 3219 Jllffis

523 3246 543 3306 1.
569 3244 775 3308 2591-263·
798 3248 980 3325 Registrum
1004 3251 1121 3325 operis,
1146 3251 1177 3307 in
1201 3247 1297 3308 cuius
1320 3245 1385 3308 fine
1416 3249 1497 3308 haec
1532 3252 1610 3310 nota
1641 3253 1708 3308 est:
1747 3246 1814 3306 ›Fi-

415 3336 481 3394 nita
504 3342 555 3393 est
586 3335 645 3394 hec
677 3333 814 3395 Summa
844 3338 992 3412 proxima
1024 3334 1078 3395 ier.
1102 3333 1141 3395 III
1163 3339 1238 3393 ante
1262 3333 1407 3412 Gregorii
1431 3351 1514 3412 pape
1539 3352 1566 3395 a.
1593 3333 1624 3394 d.
1652 3330 1732 3395 1407
1758 3351 1815 3413 per

415 3435 533 3479 manus
556 3419 705 3498 Philippi
728 3421 844 3500 Sneph
868 3422 909 3482 de
932 3419 1069 3482 Talna«

523 3505 544 3567 f.
569 3503 649 3566 263b
671 3504 825 3568 Testatur
847 3506 980 3586 quidam
1003 3505 1171 3568 lohannes
1188 3506 1228 3565 de
1244 3505 1529 3586 Lythomyerzycz
1547 3523 1583 3566 se
1599 3507 1714 3568 librum
1731 3523 1814 3567 ven-

414 3592 537 3652 didisse
562 3594 649 3654 dom.
673 3593 797 3655 lacobo
820 3611 849 3654 a,
878 3593 959 3654 1422
982 3598 1014 3654 in
1031 3594 1130 3654 domo
1154 3593 1363 3654 habitationis
1387 3592 1474 3672 Mag.
1499 3592 1661 3655 Cristanni
1678 3597 1813 3654 rectoris

413 3680 530 3740 eccles.
555 3697 582 3740 s.
606 3679 783 3742 Michaelis.

516 3848 597 3930 872
895 3849 933 3924 V.
962 3852 1008 3926 D.
1038 3850 1073 3923 4.
1103 3865 1147 3929 (Υ.
1172 3866 1193 3916 1.
1217 3869 1245 3921 ³.
1263 3881 1288 3916 u.
1306 3869 1360 3918 as.»

412 3989 519 4050 chari.
542 4008 630 4054 saec.
652 3991 849 4054 XIV-XV
855 3991 903 4073 ff.
925 3991 986 4054 121
1012 4009 1114 4068 utrm„
1136 3991 1215 4052 305
1226 3989 1255 4054 ><
1269 3990 1308 4051 21
1344 4008 1406 4057 cm.
1429 3990 1447 4051 1
1473 4008 1518 4052 m.

672 4113 881 4176 Psalterium
905 4130 985 4175 cum
1007 4113 1126 4191 glossa
1149 4110 1326 4189 (Richardi
1348 4111 1554 4188 cuiusdam).

519 4199 540 4260 l.
575 4201 609 4260 1ι
633 4199 773 4280 »Magna
807 4201 978 4278 spiritualis
1012 4199 1218 4261 iocunditatis
1248 4202 1395 4259 novitas«
1432 4197 1465 4255 ><
1488 4197 1507 4258 l.
1544 4196 1621 4258 121ι
1655 4196 1814 4275 »Explicit

412 4289 598 4365 psalterium
623 4304 698 4348 cum
721 4289 844 4366 glosa«
871 4285 1059 4366 Sequuntur
1081 4287 1253 4363 Augustini
1276 4285 1377 4345 verba
1411 4283 1452 4344 de
1475 4283 1571 4345 laude
1600 4285 1812 4362 psalmorum.

518 4375 681 4447 Registrum
712 4378 924 4449 adglutinatum
962 4383 1006 4432 est
1034 4376 1172 4448 operculo
1202 4375 1338 4432 inferiori.
1368 4373 1402 4430 ln
1425 4374 1563 4446 operculo
1587 4389 1684 4446 super.
1707 4374 1754 4429 hic
1778 4376 1814 4429 ti-

410 4465 490 4520 tulus
523 4471 586 4518 est:
621 4464 810 4520 »Psalterium
840 4480 907 4519 cum
930 4463 1065 4519 Richardi
1099 4463 1222 4534 glosa‹;
1247 4463 1299 4546 sed
1322 4462 1389 4533 quis
1412 4463 1460 4517 hic
1483 4461 1516 4517 R.
1540 4461 1634 4532 luerit,
1664 4476 1812 4533 nusquam

411 4555 532 4622 reperio.
557 4549 649 4606 Vetus
673 4551 748 4621 sign.
772 4549 806 4620 B,
834 4550 885 4608 40.

514 4716 596 4798 873
888 4717 929 4792 V.
959 4716 1007 4791 D.
1035 4717 1071 4791 5.
1100 4731 1185 4798 (1.1.
1204 4733 1228 4784 4.
1247 4749 1272 4784 n.
1291 4734 1345 4796 aa.)

409 4856 517 4919 chart.
541 4874 627 4918 saec.
651 4856 707 4918 XI
711 4855 739 4918 V
757 4859 787 4918 el
807 4855 877 4920 XV
883 4855 930 4939 ff.
954 4857 1019 4918 155
1040 4873 1143 4932 nram„
1166 4855 1244 4918 295
1255 4859 1285 4912 ><
1304 4855 1345 4917 21
1370 4873 1433 4918 cm.
1456 4857 1488 4918 d.
1504 4873 1549 4917 m.

517 4979 537 5038 i.
567 4974 702 5040 lii-15¹²
726 4977 759 5040 S.
783 4977 956 5041 lobannis
980 4976 1226 5056 chrysostomi
1249 4976 1327 5038 libri
1343 4976 1412 5040 duo
1435 4977 1477 5039 de
1492 4976 1608 5040 cordis
1624 4992 1811 5055 compunc-

408 5065 514 5127 tione.
543 5065 644 5127 »Cum
669 5072 699 5126 te
723 5069 860 5140 intueor,
883 5067 914 5126 b.
939 5063 1099 5126 Demetri«
1128 5061 1156 5127 ><
1186 5064 1394 5125 »mortalibus
1418 5063 1589 5126 flammis«

1083 5287 1134 5338 356
