4048 6012
1078 547 1141 609 228

402 754 578 816 'l'ractatus
602 755 643 815 de
668 757 827 833 pulsibus,
873 755 894 817 l.
923 755 999 816 106α
1027 755 1181 835 »Explicit
1215 757 1255 816 de
1291 758 1464 817 uniuersali
1499 760 1614 816 virtute
1650 757 1805 833 simplicis

405 843 593 903 medicine«
624 842 753 920 »incipit
777 848 931 903 tractatus
955 843 995 903 de
1019 843 1236 904 vulneribus«
1284 843 1304 904 l.
1334 842 1499 904 los-132
1546 841 1654 904 Series
1677 841 1805 903 morbo-

404 946 476 990 rum
500 946 575 990 cum
600 933 670 988 suis
695 929 951 990 medicamentis,

509 1019 544 1076 A.
574 1021 654 1075 1609
679 1021 772 1074 codex
795 1027 855 1074 erat
879 1019 948 1077 bibl.
981 1020 1223 1090 Rosenbergicae‚
1259 1021 1363 1075 deinde
1397 1019 1567 1074 monasterii
1598 1018 1805 1075 Tiebonensis

510 1185 591 1266 228
1027 1188 1055 1262 I.
1084 1187 1126 1263 E.
1155 1188 1216 1262 43.

402 1327 514 1388 clrart.
538 1330 569 1386 et
590 1327 780 1389 membran.
803 1345 890 1389 saec.
914 1327 983 1390 XV
990 1328 1037 1410 ff.
1059 1328 1127 1390 385
1146 1345 1251 1400 num„
1273 1325 1418 1388 22><15
1438 1344 1501 1389 cm.
1525 1328 1557 1390 d.
1575 1347 1619 1389 ra.
1643 1325 1682 1387 In
1686 1325 1806 1404 fronto

401 1415 515 1493 super.
539 1415 688 1494 operculi
710 1415 852 1494 legitur:
874 1413 1038 1492 „Postilla
1053 1413 1191 1493 fratris
1217 1413 1353 1475 Matie.“

508 1534 569 1596 Hic
604 1537 710 1598 codex
744 1537 910 1598 evidenter
943 1553 963 1596 a
997 1539 1069 1598 solo
1103 1538 1234 1614 ligatore
1273 1543 1393 1596 temere
1417 1537 1682 1614 conglomeratus
1705 1539 1805 1596 conti-

402 1631 459 1682 net
482 1627 653 1701 praecipue
677 1625 879 1684 dlversorum
904 1622 1034 1684 diversi
1056 1627 1127 1684 aevi
1150 1629 1319 1683 auctorum
1343 1621 1541 1698 Sermones,
1576 1639 1715 1700 quorum
1739 1639 1804 1682 ma-

402 1713 493 1769 xima
515 1725 591 1787 pars
615 1715 774 1788 permixto
797 1714 922 1789 passim
946 1717 1036 1772 textu
1059 1713 1157 1771 latino
1181 1726 1256 1769 cum
1269 1710 1442 1770 bohemico
1466 1703 1613 1783 (Kazam'
1633 1708 1805 1770 latiasko-

404 1788 526 1872 desae)
550 1797 759 1858 solummodo
783 1814 867 1874 quae
891 1797 1042 1858 dicuntur
1065 1797 1270 1858 Prothemata
1309 1803 1396 1870 sunt,
1432 1801 1556 1859 incuria
1578 1803 1610 1857 et
1633 1803 1803 1857 auctorum

400 1890 436 1942 et
459 1883 637 1943 scribarum
669 1901 746 1944 vera
779 1889 926 1944 monstra
961 1887 1220 1961 manuscriptica.
1268 1879 1370 1943 Cuius
1394 1886 1594 1944 collectionis
1631 1883 1804 1961 particulae

402 1972 508 2045 magis
531 1974 730 2048 conspicuae
754 1971 815 2030 hae
840 1975 932 2030 sunt:

511 2054 532 2116 f.
562 2056 698 2117 12-10⁸
720 2056 891 2135 Expositio
915 2057 1077 2136 quaedam
1101 2056 1242 2134 symboli
1266 2060 1354 2117 initio
1379 2057 1499 2116 mutila.

512 2141 532 2202 l.
561 2141 637 2203 183ι
660 2143 718 2204 »Et
734 2148 780 2204 sic
804 2152 854 2204 est
877 2143 951 2204 finis
976 2147 1067 2221 primi
1091 2143 1220 2221 capituli
1243 2141 1351 2210 Ysate,
1375 2143 1465 2220 quod
1489 2143 1744 2221 predicavitret'.
1758 2145 1806 2200 vir

399 2243 491 2304 mag.
514 2227 704 2291 Mauricius
725 2246 823 2291 sacre
853 2228 1027 2307 theologie
1056 2229 1238 2307 professor
1271 2229 1307 2290 in
1341 2227 1452 2308 Praga
1485 2231 1527 2289 ad
1563 2229 1596 2290 S.
1632 2229 1802 2290 Crucem«.

404 2311 483 2382 (Sed
507 2319 578 2375 eius
602 2321 765 2377 sermonis
790 2317 897 2376 solum
921 2316 1140 2394 fragmentum
1169 2321 1344 2394 superest).

512 2401 532 2462 l.
556 2399 760 2463 356⁸-371b
785 2402 863 2464 Pars
887 2405 1137 2464 membranacea
1160 2419 1349 2464 sermonum
1374 2407 1507 2463 exarata
1531 2406 1597 2464 init.
1615 2418 1703 2461 saec.
1721 2398 1802 2460 XIV.

507 2507 545 2564 Ut
568 2515 639 2564 nota
661 2513 690 2564 in
714 2511 852 2580 operculo
876 2527 971 2582 super.
996 2513 1189 2578 domonstrat,
1224 2513 1318 2566 codex
1351 2511 1476 2580 primum
1501 2509 1672 2564 monasterii
1696 2507 1805 2563 T'rebo-

405 2597 516 2665 nensiS,
539 2596 607 2651 dein
631 2597 700 2652 bibl.
725 2597 965 2666 Rosenbergicae‚
991 2604 1137 2668 postremo
1161 2600 1264 2652 iterum
1289 2599 1458 2652 monasterii
1481 2597 1603 2668 praelati
1626 2595 1689 2652 fuit.

508 2781 588 2862 229
1019 2783 1047 2858 Ι.
1075 2784 1117 2858 Ε.
1145 2784 1205 2857 44.

400 2921 512 2982 clrart.
536 2939 569 2983 a.
593 2922 681 2984 1435
688 2923 736 3003 ff.
760 2923 835 2998 223,
857 2924 897 2985 21
912 2922 999 2984 ><14
1026 2941 1088 2985 cm.
1112 2925 1129 2984 1
1155 2942 1199 2984 ar.

517 3042 826 3105 »Orationarium«.
851 3043 1093 3118 (lleditationes
1117 3045 1158 3105 de
1181 3049 1247 3104 vita
1270 3043 1389 3106 Christi
1414 3061 1488 3104 cum
1513 3045 1738 3116 orationibus).

513 3130 532 3191 l.
562 3133 594 3190 1²
617 3135 744 3203 (initium
769 3137 881 3201 deestz)
907 3136 1073 3192 »intimare
1105 3132 1237 3192 curabo.
1283 3129 1404 3191 Verum
1429 3134 1505 3208 quia
1539 3131 1639 3191 leccio
1668 3133 1804 3191 sanctis-

402 3222 486 3278 sime
509 3222 572 3277 vite
597 3221 667 3276 eius
691 3222 722 3277 in
747 3220 941 3295 euangeliis«
962 3266 968 3276 .
989 3274 991 3279 ,
1013 3266 1019 3278 .
1044 3217 1064 3278 s.
1090 3218 1170 3278 223ι
1198 3217 1354 3296 »Explicit
1370 3221 1607 3278 oracionarium
1631 3221 1663 3277 in
1686 3221 1752 3277 vita
1773 3217 1804 3276 d.

405 3323 436 3364 n.
461 3303 539 3364 Jesu
563 3302 681 3366 Christi
706 3304 820 3364 suba.
846 3305 875 3365 d.
903 3303 985 3366 1435
1009 3304 1064 3365 ier.
1090 3304 1113 3366 ll
1139 3309 1286 3382 proxima
1310 3311 1385 3381 post
1407 3302 1573 3364 Trinitatis
1608 3307 1639 3364 in
1672 3302 1800 3382 Ou'yn·

401 3395 618 3462 (monasterio
642 3389 835 3468 Ojbinensi).

509 3481 661 3550 Operculis
685 3482 813 3550 adligata
835 3489 904 3536 sunt
929 3482 946 3536 3
970 3481 1000 3536 ff.
1025 3483 1194 3546 membran,
1228 3480 1258 3534 in
1282 3481 1388 3550 quibus
1413 3487 1570 3535 occurrunt
1596 3486 1682 3533 notae
1707 3479 1805 3532 calen-

405 3568 645 3637 dariographicae
668 3568 840 3637 incipientes
857 3570 894 3622 ah
918 3585 943 3622 a.
972 3567 1062 3625 1455.
1088 3568 1265 3622 intrinsecus
1290 3568 1420 3637 operculi
1444 3567 1524 3623 infer.
1549 3567 1622 3621 haec
1641 3573 1711 3619 nota
1728 3573 1804 3620 atra-

402 3661 502 3709 mento
527 3655 617 3710 oblita
641 3660 768 3708 attamen
791 3655 961 3725 perspicua:
992 3654 1091 3709 »Liber
1114 3654 1316 3710 oracionarius
1340 3653 1458 3708 Martini
1490 3654 1525 3707 de
1560 3651 1702 3707 Trziebon
1738 3661 1804 3722 post

403 3748 525 3797 mortem
557 3741 695 3810 religioso
726 3741 787 3794 viro
819 3743 846 3796 d.
879 3739 1000 3796 Nicolao
1032 3741 1119 3811 priori
1152 3741 1262 3795 ordinis
1293 3756 1317 3796 s.
1351 3743 1425 3808 Aug.
1451 3742 1481 3793 in
1505 3737 1647 3794 Trziebon
1671 3739 1800 3806 legatur«

405 3835 458 3883 etc.
484 3835 538 3884 etc.
563 3827 598 3882 A.
628 3828 706 3882 1609
731 3829 824 3882 codex
849 3828 918 3884 bibl.
943 3828 1185 3897 liosenbergicae,
1210 3830 1276 3882 dein
1301 3829 1403 3882 iterum
1429 3842 1508 3883 mon.
1533 3825 1657 3881 liehon.
1683 3826 1744 3880 luit.

509 4013 591 4094 230
1021 4013 1051 4089 I.
1078 4013 1120 4088 E.
1149 4011 1209 4087 45.

403 4155 512 4215 chart.
536 4171 623 4215 saec.
647 4150 715 4213 XV
728 4153 768 4236 ff.
791 4153 866 4228 264,
888 4154 975 4213 22)(
991 4154 1065 4214 155
1084 4169 1146 4214 cm.
1170 4153 1188 4214 1
1214 4171 1258 4214 m.

508 4277 542 4333 In
564 4278 615 4335 iol.
641 4293 700 4333 non
724 4293 836 4334 numer.
860 4278 1007 4348 praecedit
1033 4278 1214 4348 »Registrum
1245 4277 1435 4348 epistolarum
1460 4284 1487 4331 et
1510 4277 1737 4346 ewangeliorum
1765 4279 1800 4332 de

401 4367 516 4420 sanctis
538 4381 589 4436 per
611 4365 753 4420 circulum
778 4365 866 4420 anni«
893 4365 950 4419 alia
974 4381 1062 4418 manu
1086 4371 1246 4420 exaratum.

403 4466 491 4544 Mag.
513 4465 686 4528 Johannis
709 4465 784 4526 lius
808 4464 951 4526 Postilla
974 4481 1081 4542 super
1103 4463 1293 4538 ewangelio
1329 4469 1364 4524 et
1387 4454 1554 4540 epistolas
1590 4465 1632 4524 de
1668 4464 1801 4526 sanctis

749 4569 829 4612 cum
852 4551 980 4630 glossis
1005 4552 1139 4612 bohem.
1165 4549 1457 4612 interlinearibus.

508 4655 527 4717 f.
557 4658 567 4715 1
600 4653 689 4716 »Non
714 4661 764 4715 est
787 4657 859 4716 talis
884 4657 996 4716 mulier
1026 4673 1127 4733 supra
1150 4661 1284 4715 terram«
1314 4657 1343 4710 ><
1376 4653 1395 4714 l.
1421 4652 1501 4713 256ι
1535 4659 1586 4726 (ad
1621 4658 1732 4711 calcem
1757 4674 1804 4711 ru-

403 4749 516 4813 bricaz)
542 4742 699 4820 »Explicit
722 4743 850 4820 postilla
873 4747 1016 4820 magistri
1051 4742 1123 4803 Hus
1158 4758 1257 4818 super
1287 4741 1466 4818 euangelia
1500 4747 1531 4798 et
1570 4742 1727 4818 epistolas
1763 4741 1803 4799 de

405 4834 547 4890 sanctis«
584 4827 724 4902 (Nomen
748 4834 890 4890 auctoris
914 4847 1044 4889 erasum
1069 4829 1128 4888 sed
1152 4843 1361 4905 nequaquam
1385 4830 1520 4886 omnino
1554 4827 1697 4887 deletum
1729 4831 1804 4898 est),

513 4915 533 4978 l.
557 4915 728 4976 258-264
752 4914 867 4976 Sermo
891 4915 931 4975 de
956 4934 1001 4976 ss,
1027 4916 1119 4976 Petro
1142 4921 1173 4974 et
1197 4915 1295 4973 Paulo
1319 4917 1365 4987 (ln
1388 4911 1454 4972 fine
1469 4915 1609 4991 graviter
1635 4915 1804 4991 reprehen-

401 5003 487 5064 dens
512 5019 630 5082 papam
654 5009 685 5062 et
708 5003 852 5075 clerum).
888 5001 947 5062 »Et
970 5007 1016 5062 sic
1041 5009 1091 5062 est
1114 5001 1189 5060 finis
1213 5002 1310 5060 huius
1335 5003 1584 5078 prestantissimi
1609 5004 1800 5060 sermonis«

1087 5225 1121 5274 90
