3974 6014
310 2013 410 2122 Cum
434 2077 461 2120 c.
479 2079 502 2121 r.
520 2061 732 2121 bibliothecae
756 2059 902 2138 publicae
919 2065 1016 2138 atque
1033 2064 1252 2121 universitatis
1268 2059 1441 2137 Pragensis
1457 2059 1601 2132 historia,

202 2171 299 2227 cuius
336 2170 439 2244 prima
472 2168 579 2243 capita
612 2165 654 2224 ad
688 2165 787 2224 libros
821 2179 921 2224 manu
956 2169 1096 2242 scriptos
1131 2169 1288 2242 spectant,
1322 2168 1386 2224 iam
1422 2168 1502 2224 satis
1535 2165 1603 2226 illu·

204 2277 307 2331 strata
330 2275 372 2330 sit
394 2273 539 2348 inprimis
564 2273 635 2329 tn'to
658 2283 756 2346 opere
779 2264 1034 2346 Hansliltian0,¹)
1068 2267 1110 2327 ad
1134 2268 1400 2345 cognoscendam
1435 2272 1602 2346 originem,

204 2379 414 2448 incrementa,
444 2378 648 2451 praesentem
681 2377 801 2433 statum
833 2373 983 2433 codicum
1014 2373 1078 2433 hoc
1108 2373 1257 2449 catalogo
1288 2373 1524 2450 descriptorum
1549 2391 1602 2433 su-

204 2485 322 2556 perest,
358 2484 394 2538 ut
416 2480 522 2555 capita
552 2477 604 2537 illa
627 2481 722 2538 novis
756 2477 1058 2554 investigationibus
1093 2481 1291 2555 corrigantur
1320 2483 1351 2538 et
1381 2479 1601 2555 suppleantur.

203 2581 411 2661 Quapropter
433 2581 581 2658 catalogo
605 2586 791 2641 nostrorum
815 2581 965 2642 codicum
998 2582 1179 2654 latinorum,
1212 2587 1322 2658 utpote
1346 2598 1484 2659 quorum
1508 2585 1603 2660 copia

204 2689 301 2766 longe
324 2691 469 2748 maxima
492 2693 542 2752 sit.
575 2689 787 2764 praemittitur
808 2685 891 2745 haec
925 2684 1091 2763 praelatio,
1122 2701 1188 2763 qua
1217 2691 1293 2763 post
1326 2690 1602 2764 computationem

203 2793 358 2852 librorum
383 2795 522 2869 primum
546 2791 724 2851 disseretur
754 2789 794 2850 de
826 2791 1026 2867 singularum
1058 2789 1332 2861 bibliothecarum,
1364 2791 1525 2868 equibus
1548 2807 1602 2850 co·

204 2895 297 2954 dices
321 2899 422 2956 nostri
447 2900 675 2973 provenerunt,
701 2893 784 2966 latis,
810 2893 926 2954 deinde
943 2894 984 2954 de
1000 2893 1232 2954 vetustioribus
1249 2894 1427 2954 eorundem
1451 2895 1602 2956 codicum

204 2999 373 3076 catalogis
409 3005 576 3076 postremo
600 2999 640 3058 de
665 3002 763 3058 totius
798 3002 906 3075 operis
929 3001 1062 3070 ratione,
1099 2997 1265 3067 subsidiis
1300 2997 1506 3058 adiumentis.
1553 2997 1602 3058 De

204 3106 450 3180 computatione
473 3103 555 3163 haec
579 3100 823 3179 praemonenda
846 3117 922 3161 esse
953 3117 1084 3161 censeo.
1131 3099 1214 3162 Cum
1246 3101 1463 3162 describendo
1486 3103 1602 3163 latinos

204 3212 330 3266 tantum
367 3207 499 3266 codices
534 3209 805 3284 pertractaverim,
840 3206 912 3265 licet
947 3221 1059 3265 eorum
1094 3208 1189 3283 copia
1223 3209 1367 3264 maxima
1401 3209 1451 3278 sit,
1493 3211 1602 3267 tamen

204 3315 330 3387 partem
366 3315 587 3388 perscrutatus
613 3310 653 3370 de
677 3315 745 3370 toto
779 3309 978 3386 exploratam
1015 3313 1209 3369 sententiam
1243 3308 1325 3369 terre
1358 3323 1493 3380 recuso;
1528 3309 1602 3370 ideo

205 3429 421 3492 quaecunque
446 3414 637 3474 rationando
661 3417 805 3474 numeris
828 3416 986 3490 expressi,
1011 3430 1050 3474 ea
1074 3417 1120 3473 sic
1144 3413 1238 3472 velim
1262 3415 1401 3490 accipiat
1423 3413 1602 3474 benevolus

204 3519 314 3591 lector,
350 3535 391 3579 ne
414 3521 511 3578 nimis
542 3533 697 3578 numeros
732 3523 866 3596 premat,
898 3519 1017 3596 quippe
1053 3522 1107 3596 qui
1131 3521 1191 3578 nisi
1227 3523 1293 3577 tota
1315 3518 1467 3578 librorum
1503 3534 1603 3578 manu

205 3625 400 3699 scriptorum
425 3622 637 3682 bibliothecae
668 3619 890 3682 Clementinae
922 3625 1016 3700 copia
1049 3626 1235 3684 examinata
1264 3625 1405 3682 accurati
1436 3639 1513 3683 esse
1536 3639 1603 3685 non

204 3729 343 3802 possint.

310 3845 436 3907 Omnes
459 3847 591 3908 codices
615 3851 716 3908 nostri
751 3851 886 3908 nonita
916 3848 1039 3926 pridem
1071 3852 1102 3908 in
1134 3863 1281 3919 musaeo,
1317 3849 1405 3927 quod
1429 3850 1504 3910 olim
1536 3865 1602 3910 me-

206 3951 652 4013 thamauco-astronomicum
687 3953 810 4030 collegii
849 3950 882 4014 S.
919 3952 944 4014 J.
984 3951 1176 4014 Clementini
1218 3952 1394 4023 dicebatur,
1428 3954 1603 4014 commode

204 4061 303 4134 atque
326 4056 425 4116 nitide
460 4057 660 4134 prostabant.
703 4055 770 4118 Sed
805 4061 880 4136 quia
914 4057 1007 4118 locus
1047 4058 1097 4116 ille
1132 4071 1231 4134 supra
1265 4057 1405 4116 culinam
1440 4062 1603 4119 seminarii

204 4159 491 4236 archiepiscopalis
515 4164 598 4220 situs
621 4176 736 4238 parum
762 4165 850 4220 tutus
872 4161 1052 4234 videbatur,
1089 4176 1162 4221 cum
1188 4177 1229 4220 ex
1253 4164 1359 4220 uicina
1382 4167 1471 4238 parte
1504 4167 1604 4222 semi-

323 4347 346 4428 ¹)
370 4348 433 4408 Jos.
457 4353 493 4412 A.
510 4353 643 4420 Hanslik,
668 4353 841 4410 Geschichte
865 4357 925 4411 und
948 4353 1168 4426 Beschreibung
1190 4356 1242 4410 der
1263 4353 1369 4424 Prager
1391 4354 1604 4412 Universitilts·

204 4441 378 4510 bibliothelr,
402 4439 477 4510 Prag
503 4439 594 4496 1851.
618 4439 662 4496 Ex
684 4439 830 4512 prioribus
853 4441 945 4509 libris,
969 4441 1018 4512 qui
1035 4446 1085 4496 aut
1101 4448 1192 4496 totam
1211 4442 1418 4497 bibliothecam
1441 4451 1492 4498 aut
1504 4451 1602 4514 partes

205 4527 268 4581 cius
292 4533 482 4599 concernunt,
506 4527 561 4582 hos
585 4542 804 4583 commemoro:
836 4525 867 4585 L.
892 4527 916 4582 J.
942 4527 1147 4595 Scherschnllr‚
1178 4515 1257 4583 Uber
1290 4529 1346 4583 den
1369 4528 1521 4600 Ursprung
1542 4532 1603 4586 und

205 4614 250 4669 die
273 4613 439 4668 Aufnahme
462 4614 513 4668 der
533 4613 699 4670 Bibliothelr
723 4629 769 4668 arn
786 4613 1050 4670 Clementinischen
1074 4613 1237 4684 Collegium
1261 4615 1291 4669 in
1311 4613 1394 4685 Prag,
1418 4615 1603 4689 Prag1775;

138 4703 140 4706 ’
204 4699 236 4757 Β.
262 4699 377 4756 Balbini
402 4697 542 4756 Bohemia
565 4701 653 4756 docta
675 4701 720 4757 ed.
744 4700 851 4772 Ungar,
875 4699 924 4757 ΙΙΙ.
947 4699 1078 4773 (1780);
1112 4699 1148 4755 K.
1172 4701 1202 4759 R.
1227 4701 1335 4770 Ungar,
1370 4699 1503 4757 Versuch
1526 4703 1605 4759 einer

206 4786 380 4843 Geschichte
403 4789 454 4842 der
474 4785 678 4844 Bibliotheken
700 4787 730 4841 in
753 4787 896 4858 Bdhmen,
917 4787 990 4858 Prag
1016 4785 1113 4854 1785;
1148 4786 1183 4842 A.
1209 4786 1303 4856 Splrk,
1339 4786 1513 4844 Geschichte
1544 4793 1603 4846 und

204 4871 424 4944 Beschrelbung
440 4876 492 4929 der
511 4875 539 4931 k.
555 4875 585 4932 k.
598 4873 971 4930 Universitiits-Bibliothelr
987 4890 1023 4930 zu
1038 4874 1121 4944 Prag,
1134 4873 1222 4928 Wicn
1242 4873 1340 4944 1844;
1364 4889 1378 4929 e
1394 4878 1604 4946 posterioribus

206 4961 477 5018 commentariolum
511 4977 624 5019 meum:
657 4959 774 5016 Plehled
810 4959 887 5032 dejin
922 4961 1104 5032 bibliothelry
1134 4959 1363 5030 Klementinslre,
1388 4957 1497 5018 Osveta
1523 4964 1602 5020 1882

206 5062 235 5116 p.
259 5047 439 5117 656-663,
464 5049 643 5118 696-708,
668 5049 848 5105 813-825.
