3974 6014
374 566 408 618 lV

375 782 453 839 nan‘i
477 777 662 840 incendium
695 792 798 854 nuper
828 780 1035 849 minitaretur,
1072 775 1204 834 codices
1235 774 1379 835 translati
1411 781 1488 834 sunt
1517 779 1548 835 in
1580 773 1772 838 Clementini

375 887 660 961 contignationem,
686 898 769 960 quae
795 881 891 959 plano
915 881 998 958 pede
1022 885 1081 950 est,
1106 880 1204 950 unde,
1237 883 1263 939 si
1288 881 1465 957 periculum
1497 883 1685 954 immineret,
1717 887 1774 942 aut

375 990 408 1046 in
431 987 636 1065 propatulum
671 992 728 1046 aut
757 990 788 1045 in
823 986 962 1063 plateam
997 989 1060 1045 cito
1092 983 1257 1044 transferri
1288 989 1433 1062 possent.
1481 981 1689 1064 Quamquam
1721 987 1772 1046 hic

375 1092 468 1151 locus
492 1107 597 1170 neque
622 1089 756 1168 pulcher
778 1095 829 1150 est
853 1105 958 1167 neque
990 1088 1187 1149 commodus
1219 1105 1325 1167 neque
1349 1091 1430 1148 satis
1454 1092 1631 1166 spatiosus
1664 1095 1773 1150 tamen

376 1195 602 1255 videturesse
627 1196 727 1254 multo
752 1197 857 1271 magis
880 1193 1019 1254 idoneus
1044 1195 1141 1252 tantis
1166 1191 1327 1252 thesauris
1351 1193 1597 1254 conservandis.

480 1325 563 1385 Ante
588 1329 719 1384 centum
744 1327 867 1383 circiter
888 1339 995 1383 annos
1019 1321 1151 1382 codices
1169 1325 1269 1382 nostn'
1294 1339 1351 1400 per
1365 1321 1488 1382 forulos
1512 1323 1606 1383 divisi
1630 1330 1661 1384 et
1678 1327 1772 1384 novis

377 1431 551 1506 signaturis
576 1431 720 1488 instructi
746 1432 831 1500 sunt,
857 1443 940 1505 quae
956 1426 1052 1487 hodie
1069 1443 1199 1505 quoque
1215 1427 1332 1488 valent.
1357 1425 1449 1506 Quae
1474 1427 1589 1488 divisio
1612 1432 1773 1506 quamuis,

376 1539 411 1593 ut
434 1530 515 1592 infra
538 1531 668 1609 patebit,
693 1531 802 1591 multis
826 1537 952 1591 scateat
974 1531 1148 1600 erroribus
1180 1535 1289 1591 tamen
1312 1530 1363 1590 his
1389 1534 1564 1608 signaturis
1595 1549 1652 1610 per
1682 1537 1773 1594 innu-

376 1652 485 1696 meros
509 1653 596 1697 saec.
620 1633 694 1694 ΧΙΧ
728 1635 826 1694 libros
858 1637 1045 1712 propagatis
1080 1650 1200 1696 novam
1235 1633 1385 1694 codicum
1422 1635 1670 1713 dispositionem
1705 1653 1774 1714 per-

376 1740 483 1799 horrui
507 1743 653 1816 exceptis
677 1737 821 1799 sedecim
845 1739 933 1798 libris
956 1753 1057 1798 manu
1081 1741 1218 1816 scriptis,
1255 1754 1340 1816 quos
1364 1741 1395 1800 in
1419 1740 1482 1800 alia
1504 1743 1642 1800 armaria
1673 1745 1775 1801 trans-

376 1845 459 1904 latos
483 1848 578 1904 novis
603 1847 778 1921 signaturis
802 1847 949 1904 instruxi.
975 1841 1115 1903 Omnem
1140 1843 1226 1904 enim
1255 1843 1405 1903 codicum
1429 1847 1557 1922 copiam
1581 1847 1611 1917 ii,
1636 1859 1774 1922 quorum

376 1955 454 2009 tunc
477 1951 509 2008 in
532 1947 727 2008 bibliotheca
750 1953 864 2008 nostra
886 1946 1029 2008 officium
1054 1951 1131 2018 erat,
1160 1963 1217 2024 per
1243 1945 1281 2007 18
1304 1945 1427 2008 forulos
1451 1951 1494 2008 ita
1517 1947 1773 2009 distribuendam

377 2051 599 2124 decreverunt,
623 2059 660 2112 ut
685 2050 797 2114 1-15.
823 2049 916 2112 foruli
939 2049 1072 2110 codices
1095 2051 1223 2122 latinos,
1258 2048 1384 2110 forulus
1412 2048 1458 2110 16.
1482 2055 1698 2128 germanicos
1726 2051 1773 2115 17.

376 2155 579 2228 bohemicos
620 2153 667 2217 18.
691 2155 864 2216 orientales
888 2155 1187 2232 complecterentur.
1234 2151 1301 2214 Sed
1325 2154 1376 2214 hic
1400 2154 1491 2214 labor
1512 2153 1555 2216 ad
1584 2161 1773 2218 accuratum

376 2256 526 2318 effectum
551 2275 758 2337 nequaquam
784 2261 937 2336 pervenit,
962 2275 1037 2318 nam
1069 2261 1150 2317 inter
1179 2255 1264 2319 3018
1296 2258 1428 2318 codices
1459 2257 1635 2320 forulorum
1673 2261 1774 2323 1-15

377 2369 515 2424 occurrit
542 2363 552 2422 1
580 2379 729 2441 graecus
764 2367 939 2424 occurrunt
961 2361 1004 2421 54
1026 2365 1211 2439 germanici,
1251 2363 1283 2422 11
1319 2363 1489 2435 bohemici,
1524 2363 1545 2424 5
1574 2367 1774 2442 germanico·

376 2467 547 2540 bohemici,
582 2465 625 2526 46
649 2471 703 2546 qui
727 2467 879 2527 dicuntur
901 2469 1056 2526 romanici
1079 2466 1222 2538 codices,
1254 2473 1286 2528 et
1312 2466 1371 2527 175
1405 2466 1550 2528 fasciculi
1583 2469 1773 2542 archivales

377 2574 408 2630 in
433 2585 565 2630 summa
588 2569 652 2631 292
678 2571 746 2632 libn'
769 2571 969 2632 alienissimi.
995 2569 1071 2630 ldeo
1094 2573 1126 2630 in
1149 2571 1209 2630 illis
1226 2569 1337 2630 forulis
1353 2571 1545 2632 recensendi
1569 2569 1774 2651 supersunt²l

377 2679 500 2734 tantum
526 2673 612 2735 2726
636 2675 768 2735 codices
792 2675 843 2735 vel
866 2678 922 2734 toti
945 2674 997 2734 vel
1021 2691 1172 2752 magnam
1209 2681 1332 2752 partem
1356 2675 1452 2736 latini.
1498 2675 1550 2736 Ad
1574 2692 1659 2756 quos
1682 2694 1775 2739 acce·

376 2777 458 2838 dunt
480 2781 511 2839 in
535 2779 598 2839 hoc
630 2779 779 2857 catalogo
814 2782 931 2839 unicus
966 2794 1105 2856 graecus
1136 2783 1168 2839 et
1198 2778 1240 2838 25
1275 2779 1361 2840 latini
1395 2779 1527 2840 codices
1562 2781 1774 2843 bibliothecae

376 2879 598 2960 Kinskyanae,
623 2887 789 2960 postremo
825 2880 866 2942 78
889 2883 1050 2960 opuscula
1084 2883 1182 2944 latina
1212 2899 1312 2945 manu
1346 2887 1466 2961 scripta
1489 2884 1576 2945 libris
1611 2889 1696 2964 typis
1720 2903 1775 2947 ex·

377 2988 466 3044 cusis
489 2986 540 3044 vel
563 2985 730 3046 fasciculis
753 2986 813 3046 illis
837 2986 1057 3046 archivalibus
1079 2983 1259 3066 adligata.³)
1305 2985 1379 3067 Quo
1402 2984 1448 3062 fit,
1472 2993 1508 3049 ut
1530 2990 1581 3048 hic
1605 2991 1775 3068 catalogus

377 3087 463 3150 2830
485 3095 653 3150 currentes
685 3104 840 3150 numeros
871 3090 1024 3150 librorum
1057 3095 1289 3153 recensitorum
1321 3097 1493 3166 contineat,
1526 3109 1664 3172 quorum
1688 3110 1775 3157 unus

377 3193 476 3266 (2429
500 3198 581 3273 sign.
607 3192 688 3256 XlV.
714 3195 752 3254 A.
781 3193 833 3272 16)
856 3211 944 3256 nunc
968 3198 999 3256 in
1023 3198 1241 3256 universitatis
1275 3198 1408 3258 archivo
1439 3204 1499 3271 est,
1531 3202 1627 3259 ceteri
1659 3214 1775 3260 omnes

379 3301 554 3375 signaturis
578 3301 723 3358 instructi
747 3299 827 3358 locis
851 3302 921 3358 suis
956 3304 1104 3376 prostant
1127 3304 1253 3377 praeter
1274 3304 1440 3362 nonnulos
1471 3304 1689 3378 pretiosiores
1721 3305 1776 3380 qui

381 3405 556 3480 signaturis
580 3419 646 3464 non
671 3406 803 3464 mutatis
827 3405 908 3463 inter
929 3402 1057 3462 cimelia
1079 3405 1202 3464 vitrinis
1225 3405 1352 3466 inclusa
1374 3403 1624 3480 asservantur.⁴>

481 3530 572 3593 Sicut
595 3533 703 3593 media
726 3537 831 3592 aetate
855 3531 1052 3592 omniafere
1085 3533 1259 3592 litterarum
1283 3533 1392 3593 studia
1413 3532 1501 3610 apud
1524 3535 1658 3595 clericos
1683 3535 1774 3596 llore-

379 3635 466 3711 bant,
501 3635 543 3696 ad
567 3652 652 3714 quos
675 3641 772 3697 etiam
808 3639 1054 3696 universitatum
1078 3639 1165 3697 initia
1199 3635 1368 3697 referenda
1390 3641 1477 3711 sunt,
1511 3641 1554 3698 ita
1577 3642 1686 3700 omnis
1710 3639 1775 3700 fere

378 3739 529 3800 codicum
554 3755 653 3801 manu
678 3745 870 3818 scriptorum
891 3739 1103 3800 bibliothecae
1128 3753 1258 3800 nostrae
1282 3743 1418 3818 copiae
1444 3741 1588 3819 collegiis
1622 3744 1773 3804 ecclesia-

381 3847 470 3904 sticis
494 3849 550 3904 aut
573 3849 661 3906 recta
683 3848 735 3904 via
758 3849 814 3904 aut
836 3847 1022 3904 circuitione
1046 3843 1189 3923 quadam
1212 3847 1367 3922 provenit.
1396 3843 1543 3922 Quorum
1568 3847 1775 3924 collegiorum

379 3965 454 4010 cum
478 3966 597 4026 magna
621 3965 696 4027 pars
719 3953 784 4010 iarn
821 3949 911 4010 bellis
935 3949 976 4008 de
1000 3949 1152 4026 religione
1176 3963 1264 4010 saec,
1299 3947 1358 4008 XV
1381 3953 1413 4010 in
1438 3947 1595 4010 Bohemia
1630 3956 1776 4012 saevien-

381 4053 467 4112 tibus
491 4069 654 4112 unacum
680 4056 750 4113 suis
774 4053 977 4113 bibliothecis
1001 4052 1137 4131 perierit,
1172 4055 1389 4131 antiquissimi
1413 4069 1526 4114 eorum
1550 4054 1682 4115 codices
1705 4073 1775 4135 per·

379 4161 472 4235 pauci
497 4157 585 4235 apud
610 4173 671 4216 nos
696 4164 883 4235 supersunt.
907 4156 958 4217 Ex
973 4172 1087 4217 eorum
1103 4171 1240 4216 numero
1256 4161 1307 4217 est
1323 4158 1595 4234 pretiosissimum
1612 4160 1774 4236 evangeli·

493 4378 520 4457 2)
544 4385 575 4441 Si
598 4387 684 4456 igitur
717 4387 747 4440 in
781 4385 916 4455 catalogo
941 4391 1042 4440 nostro
1065 4385 1280 4456 signaturamm
1304 4385 1394 4441 series
1417 4390 1528 4457 passim
1551 4387 1776 4459 interrumpitur,

378 4473 497 4528 omissis
520 4473 678 4543 signaturis
702 4473 820 4527 codices
844 4487 903 4527 non
926 4472 1034 4528 latinos
1058 4475 1213 4528 denotatos
1237 4487 1301 4527 esse
1326 4473 1477 4528 sciendum
1501 4479 1555 4531 est.

493 4569 518 4651 3)
542 4575 757 4647 Opusculorum
783 4591 852 4630 vero
876 4576 1033 4631 latinorum
1058 4577 1210 4632 codicibus
1234 4576 1395 4632 bohemicis
1420 4583 1448 4632 et
1463 4578 1636 4648 germanicis
1664 4579 1777 4634 admix-

379 4669 473 4719 torum
490 4667 564 4718 ratio
581 4678 639 4718 non
657 4663 789 4730 habetur,
813 4677 887 4734 quae
912 4663 941 4720 in
965 4663 1107 4735 catalogis
1131 4666 1289 4720 eorundem
1313 4665 1449 4720 codicum
1472 4671 1555 4720 erunt
1572 4666 1778 4734 perscribenda

378 4756 406 4805 et
430 4753 585 4821 separatim
610 4750 777 4804 indicanda.

493 4845 519 4923 4)
542 4853 663 4910 Brevem
687 4867 787 4909 eorum
811 4860 1002 4925 conspectum
1027 4853 1212 4910 bohemicum
1235 4853 1303 4910 vide
1326 4849 1450 4910 Vestali(
1481 4835 1513 4908 C.
1537 4853 1573 4911 A.
1597 4851 1633 4911 X.
1665 4852 1778 4922 (1901)

377 4957 406 5014 p.
431 4939 610 5006 als-356,
645 4945 846 5011 germanicum
881 4939 1083 5012 Mittellungen
1114 4943 1143 4996 d.
1167 4943 1253 5003 b'ster.
1283 4941 1349 4998 Ver.
1374 4940 1392 4995 f.
1424 4938 1703 4996 Bibliothelrswesen
1727 4939 1778 4995 Vl.

378 5025 490 5101 (1002)
513 5045 541 5098 p.
570 5027 626 5083 102
652 5043 694 5098 sq.
720 5033 747 5081 et
770 5026 824 5082 Vll
848 5027 961 5098 (1903)
984 5045 1012 5099 p.
1038 5028 1055 5083 5
1080 5043 1123 5099 sq.
