<?xml version="1.0" encoding="UTF-8"?>
<!DOCTYPE html PUBLIC "-//W3C//DTD XHTML 1.0 Transitional//EN"
    "http://www.w3.org/TR/xhtml1/DTD/xhtml1-transitional.dtd">
<html xmlns="http://www.w3.org/1999/xhtml" xml:lang="en" lang="en">
 <head>
  <title>
</title>
<meta http-equiv="Content-Type" content="text/html;charset=utf-8" />
  <meta name='ocr-system' content='tesseract 3.04.00' />
  <meta name='ocr-capabilities' content='ocr_page ocr_carea ocr_par ocr_line ocrx_word'/>
</head>
<body>
  <div class='ocr_page' id='page_1' title='image "./cataloguscodicu00prazgoog_0101.png"; bbox 0 0 4048 6012; ppageno 0'>
   <div class='ocr_carea' id='block_1_1' title="bbox 887 613 947 676">
    <p class='ocr_par' dir='ltr' id='par_1_1' title="bbox 887 613 947 676">
     <span class='ocr_line' id='line_1_1' title="bbox 887 613 947 676; baseline 0 0"><span class='ocrx_word' id='word_1_1' title='bbox 887 613 947 676; x_wconf 82' lang='lat'><strong>198</strong></span> 
     </span>
    </p>
   </div>
   <div class='ocr_carea' id='block_1_2' title="bbox 206 823 1616 1330">
    <p class='ocr_par' dir='ltr' id='par_1_2' title="bbox 206 823 1616 1330">
     <span class='ocr_line' id='line_1_2' title="bbox 315 823 1616 898; baseline 0.001 -18"><span class='ocrx_word' id='word_1_2' title='bbox 315 823 390 880; x_wconf 89' lang='lat' dir='ltr'><strong>Cum</strong></span> <span class='ocrx_word' id='word_1_3' title='bbox 412 825 443 881; x_wconf 93' lang='lat' dir='ltr'><strong>in</strong></span> <span class='ocrx_word' id='word_1_4' title='bbox 473 826 597 883; x_wconf 86' lang='lat' dir='ltr'><strong>collecta</strong></span> <span class='ocrx_word' id='word_1_5' title='bbox 625 826 644 883; x_wconf 91' lang='grc'><strong>1.</strong></span> <span class='ocrx_word' id='word_1_6' title='bbox 672 827 730 882; x_wconf 82' lang='grc'><strong>165</strong></span> <span class='ocrx_word' id='word_1_7' title='bbox 755 827 805 882; x_wconf 90' lang='lat' dir='ltr'><strong>liat</strong></span> <span class='ocrx_word' id='word_1_8' title='bbox 828 828 921 883; x_wconf 89' lang='lat' dir='ltr'><strong>oratio</strong></span> <span class='ocrx_word' id='word_1_9' title='bbox 944 841 997 898; x_wconf 93' lang='lat' dir='ltr'><strong>pro</strong></span> <span class='ocrx_word' id='word_1_10' title='bbox 1022 827 1147 882; x_wconf 81' lang='lat' dir='ltr'><strong>»abbate</strong></span> <span class='ocrx_word' id='word_1_11' title='bbox 1178 833 1313 896; x_wconf 87' lang='lat' dir='ltr'><strong>nostro«,</strong></span> <span class='ocrx_word' id='word_1_12' title='bbox 1343 825 1416 882; x_wconf 92' lang='lat' dir='ltr'><strong>liber</strong></span> <span class='ocrx_word' id='word_1_13' title='bbox 1438 842 1490 898; x_wconf 92' lang='lat' dir='ltr'><strong>pro</strong></span> <span class='ocrx_word' id='word_1_14' title='bbox 1514 842 1616 883; x_wconf 88' lang='lat' dir='ltr'><strong>mona-</strong></span> 
     </span>
     <span class='ocr_line' id='line_1_3' title="bbox 208 908 1615 988; baseline 0.001 -21"><span class='ocrx_word' id='word_1_15' title='bbox 208 915 295 967; x_wconf 84' lang='lat' dir='ltr'><strong>sterio</strong></span> <span class='ocrx_word' id='word_1_16' title='bbox 320 913 449 982; x_wconf 89' lang='lat' dir='ltr'><strong>quodam</strong></span> <span class='ocrx_word' id='word_1_17' title='bbox 480 913 519 984; x_wconf 91' lang='lat' dir='ltr'><strong>(s.</strong></span> <span class='ocrx_word' id='word_1_18' title='bbox 544 908 711 988; x_wconf 86' lang='lat' dir='ltr'><strong>Coronaei)</strong></span> <span class='ocrx_word' id='word_1_19' title='bbox 744 919 881 970; x_wconf 85' lang='lat' dir='ltr'><strong>exaratus</strong></span> <span class='ocrx_word' id='word_1_20' title='bbox 904 929 970 969; x_wconf 91' lang='lat' dir='ltr'><strong>essc</strong></span> <span class='ocrx_word' id='word_1_21' title='bbox 993 915 1117 982; x_wconf 89' lang='lat' dir='ltr'><strong>videtur,</strong></span> <span class='ocrx_word' id='word_1_22' title='bbox 1141 915 1222 985; x_wconf 91' lang='lat' dir='ltr'><strong>quod</strong></span> <span class='ocrx_word' id='word_1_23' title='bbox 1247 914 1369 985; x_wconf 90' lang='lat' dir='ltr'><strong>propius</strong></span> <span class='ocrx_word' id='word_1_24' title='bbox 1393 914 1528 982; x_wconf 88' lang='lat' dir='ltr'><strong>signatur</strong></span> <span class='ocrx_word' id='word_1_25' title='bbox 1549 929 1615 969; x_wconf 89' lang='lat' dir='ltr'><strong>ora·</strong></span> 
     </span>
     <span class='ocr_line' id='line_1_4' title="bbox 207 999 1613 1072; baseline 0.001 -18"><span class='ocrx_word' id='word_1_26' title='bbox 207 999 286 1054; x_wconf 89' lang='lat' dir='ltr'><strong>tione</strong></span> <span class='ocrx_word' id='word_1_27' title='bbox 321 1005 460 1070; x_wconf 90' lang='lat' dir='ltr'><strong>sequente</strong></span> <span class='ocrx_word' id='word_1_28' title='bbox 496 1016 568 1072; x_wconf 82' lang='lat' dir='ltr'><strong>»pro</strong></span> <span class='ocrx_word' id='word_1_29' title='bbox 599 1001 826 1071; x_wconf 83' lang='lat' dir='ltr'><strong>congregatione</strong></span> <span class='ocrx_word' id='word_1_30' title='bbox 861 1007 888 1056; x_wconf 91' lang='lat' dir='ltr'><strong>et</strong></span> <span class='ocrx_word' id='word_1_31' title='bbox 918 999 1029 1056; x_wconf 80' lang='lat' dir='ltr'><strong>familia</strong></span> <span class='ocrx_word' id='word_1_32' title='bbox 1060 1002 1106 1055; x_wconf 92' lang='lat' dir='ltr'><strong>dei</strong></span> <span class='ocrx_word' id='word_1_33' title='bbox 1135 999 1285 1071; x_wconf 85' lang='lat' dir='ltr'><strong>genitricis</strong></span> <span class='ocrx_word' id='word_1_34' title='bbox 1316 999 1426 1055; x_wconf 88' lang='lat' dir='ltr'><strong>Mariae</strong></span> <span class='ocrx_word' id='word_1_35' title='bbox 1460 1001 1613 1071; x_wconf 81' lang='lat' dir='ltr'><strong>sanctique</strong></span> 
     </span>
     <span class='ocr_line' id='line_1_5' title="bbox 207 1084 1613 1158; baseline -0.001 -16"><span class='ocrx_word' id='word_1_36' title='bbox 207 1085 388 1143; x_wconf 67' lang='lat' dir='ltr'><strong>aldelberti«</strong></span> <span class='ocrx_word' id='word_1_37' title='bbox 415 1084 549 1142; x_wconf 82' lang='lat' dir='ltr'><strong>Observa</strong></span> <span class='ocrx_word' id='word_1_38' title='bbox 571 1087 659 1142; x_wconf 90' lang='lat' dir='ltr'><strong>etiam</strong></span> <span class='ocrx_word' id='word_1_39' title='bbox 682 1086 813 1143; x_wconf 85' lang='lat' dir='ltr'><strong>officium</strong></span> <span class='ocrx_word' id='word_1_40' title='bbox 836 1089 872 1142; x_wconf 93' lang='lat' dir='ltr'><strong>de</strong></span> <span class='ocrx_word' id='word_1_41' title='bbox 896 1085 1025 1158; x_wconf 88' lang='lat' dir='ltr'><strong>Corpore</strong></span> <span class='ocrx_word' id='word_1_42' title='bbox 1049 1085 1158 1142; x_wconf 84' lang='lat' dir='ltr'><strong>Christi</strong></span> <span class='ocrx_word' id='word_1_43' title='bbox 1180 1090 1211 1143; x_wconf 88' lang='lat' dir='ltr'><strong>in</strong></span> <span class='ocrx_word' id='word_1_44' title='bbox 1234 1087 1290 1142; x_wconf 86' lang='lat' dir='ltr'><strong>fine</strong></span> <span class='ocrx_word' id='word_1_45' title='bbox 1314 1088 1427 1142; x_wconf 91' lang='lat' dir='ltr'><strong>codicis</strong></span> <span class='ocrx_word' id='word_1_46' title='bbox 1451 1087 1509 1141; x_wconf 87' lang='lat' dir='ltr'><strong>alia</strong></span> <span class='ocrx_word' id='word_1_47' title='bbox 1525 1102 1613 1142; x_wconf 86' lang='lat' dir='ltr'><strong>manu</strong></span> 
     </span>
     <span class='ocr_line' id='line_1_6' title="bbox 208 1172 1612 1245; baseline 0.001 -18"><span class='ocrx_word' id='word_1_48' title='bbox 208 1173 340 1228; x_wconf 86' lang='lat' dir='ltr'><strong>addItum</strong></span> <span class='ocrx_word' id='word_1_49' title='bbox 371 1187 447 1230; x_wconf 92' lang='lat' dir='ltr'><strong>esse.</strong></span> <span class='ocrx_word' id='word_1_50' title='bbox 477 1173 548 1228; x_wconf 91' lang='lat' dir='ltr'><strong>ltem</strong></span> <span class='ocrx_word' id='word_1_51' title='bbox 579 1172 709 1230; x_wconf 85' lang='lat' dir='ltr'><strong>officium</strong></span> <span class='ocrx_word' id='word_1_52' title='bbox 740 1176 776 1229; x_wconf 93' lang='lat' dir='ltr'><strong>de</strong></span> <span class='ocrx_word' id='word_1_53' title='bbox 811 1175 910 1230; x_wconf 92' lang='lat' dir='ltr'><strong>decem</strong></span> <span class='ocrx_word' id='word_1_54' title='bbox 941 1173 1071 1229; x_wconf 88' lang='lat' dir='ltr'><strong>millibus</strong></span> <span class='ocrx_word' id='word_1_55' title='bbox 1096 1179 1266 1245; x_wconf 86' lang='lat' dir='ltr'><strong>martyrum,</strong></span> <span class='ocrx_word' id='word_1_56' title='bbox 1299 1177 1334 1230; x_wconf 91' lang='lat' dir='ltr'><strong>de</strong></span> <span class='ocrx_word' id='word_1_57' title='bbox 1358 1189 1383 1231; x_wconf 91' lang='lat' dir='ltr'><strong>s.</strong></span> <span class='ocrx_word' id='word_1_58' title='bbox 1407 1173 1504 1240; x_wconf 89' lang='lat' dir='ltr'><strong>Anna,</strong></span> <span class='ocrx_word' id='word_1_59' title='bbox 1528 1175 1564 1229; x_wconf 90' lang='lat' dir='ltr'><strong>de</strong></span> <span class='ocrx_word' id='word_1_60' title='bbox 1588 1187 1612 1229; x_wconf 80' lang='lat' dir='ltr'><strong>s,</strong></span> 
     </span>
     <span class='ocr_line' id='line_1_7' title="bbox 206 1257 341 1330; baseline 0.015 -17"><span class='ocrx_word' id='word_1_61' title='bbox 206 1257 341 1330; x_wconf 77' lang='lat' dir='ltr'><strong>Quinno.</strong></span> 
     </span>
    </p>
   </div>
   <div class='ocr_carea' id='block_1_3' title="bbox 314 1426 1007 1508">
    <p class='ocr_par' dir='ltr' id='par_1_3' title="bbox 314 1426 1007 1508">
     <span class='ocr_line' id='line_1_8' title="bbox 314 1426 1007 1508; baseline -0.007 0"><span class='ocrx_word' id='word_1_62' title='bbox 314 1426 382 1508; x_wconf 81' lang='grc'><strong>196</strong></span> <span class='ocrx_word' id='word_1_63' title='bbox 806 1429 837 1504; x_wconf 92' lang='lat' dir='ltr'><strong>I.</strong></span> <span class='ocrx_word' id='word_1_64' title='bbox 876 1429 918 1504; x_wconf 86' lang='lat' dir='ltr'><strong>E.</strong></span> <span class='ocrx_word' id='word_1_65' title='bbox 946 1429 1007 1504; x_wconf 87' lang='lat'><strong>11.</strong></span> 
     </span>
    </p>
   </div>
   <div class='ocr_carea' id='block_1_4' title="bbox 206 1565 1614 1822">
    <p class='ocr_par' dir='ltr' id='par_1_4' title="bbox 206 1565 1614 1822">
     <span class='ocr_line' id='line_1_9' title="bbox 207 1565 1614 1650; baseline 0.001 -22"><span class='ocrx_word' id='word_1_66' title='bbox 207 1566 397 1630; x_wconf 83' lang='lat' dir='ltr'><strong>membran.</strong></span> <span class='ocrx_word' id='word_1_67' title='bbox 419 1584 507 1630; x_wconf 85' lang='lat' dir='ltr'><strong>saec.</strong></span> <span class='ocrx_word' id='word_1_68' title='bbox 529 1565 737 1629; x_wconf 84' lang='lat' dir='ltr'>XII-XIII</span> <span class='ocrx_word' id='word_1_69' title='bbox 752 1567 791 1650; x_wconf 80' lang='lat' dir='ltr'><strong>ff.</strong></span> <span class='ocrx_word' id='word_1_70' title='bbox 814 1567 867 1644; x_wconf 74' lang='lat'><strong>94,</strong></span> <span class='ocrx_word' id='word_1_71' title='bbox 890 1569 932 1632; x_wconf 87' lang='grc'><strong>27</strong></span> <span class='ocrx_word' id='word_1_72' title='bbox 944 1568 1033 1630; x_wconf 89' lang='grc'><em>&gt;&lt;20</em></span> <span class='ocrx_word' id='word_1_73' title='bbox 1054 1586 1118 1632; x_wconf 87' lang='lat' dir='ltr'><strong>cm.</strong></span> <span class='ocrx_word' id='word_1_74' title='bbox 1142 1568 1186 1631; x_wconf 89' lang='lat' dir='ltr'><strong>ab</strong></span> <span class='ocrx_word' id='word_1_75' title='bbox 1217 1587 1284 1632; x_wconf 82' lang='lat' dir='ltr'><strong>erno</strong></span> <span class='ocrx_word' id='word_1_76' title='bbox 1306 1568 1422 1632; x_wconf 81' lang='lat' dir='ltr'><strong>scriba</strong></span> <span class='ocrx_word' id='word_1_77' title='bbox 1444 1571 1614 1648; x_wconf 79' lang='lat' dir='ltr'><strong>eleganter</strong></span> 
     </span>
     <span class='ocr_line' id='line_1_10' title="bbox 207 1653 1614 1736; baseline 0.003 -22"><span class='ocrx_word' id='word_1_78' title='bbox 207 1657 372 1716; x_wconf 81' lang='lat' dir='ltr'><strong>exaratus</strong></span> <span class='ocrx_word' id='word_1_79' title='bbox 392 1657 424 1716; x_wconf 88' lang='lat' dir='ltr'><strong>et</strong></span> <span class='ocrx_word' id='word_1_80' title='bbox 444 1653 652 1728; x_wconf 71' lang='lat' dir='ltr'><strong>rubricatae,</strong></span> <span class='ocrx_word' id='word_1_81' title='bbox 676 1655 725 1718; x_wconf 85' lang='lat' dir='ltr'><strong>Iit.</strong></span> <span class='ocrx_word' id='word_1_82' title='bbox 756 1655 828 1718; x_wconf 81' lang='lat' dir='ltr'><strong>init.</strong></span> <span class='ocrx_word' id='word_1_83' title='bbox 852 1657 949 1736; x_wconf 79' lang='lat' dir='ltr'><strong>capit.</strong></span> <span class='ocrx_word' id='word_1_84' title='bbox 974 1657 1003 1716; x_wconf 85' lang='lat' dir='ltr'><strong>et</strong></span> <span class='ocrx_word' id='word_1_85' title='bbox 1024 1657 1151 1719; x_wconf 85' lang='lat' dir='ltr'><strong>unciat.</strong></span> <span class='ocrx_word' id='word_1_86' title='bbox 1174 1655 1268 1718; x_wconf 82' lang='lat' dir='ltr'><strong>varii</strong></span> <span class='ocrx_word' id='word_1_87' title='bbox 1288 1655 1412 1719; x_wconf 82' lang='lat' dir='ltr'><strong>coloris</strong></span> <span class='ocrx_word' id='word_1_88' title='bbox 1433 1658 1614 1718; x_wconf 79' lang='lat' dir='ltr'><strong>exornatas</strong></span> 
     </span>
     <span class='ocr_line' id='line_1_11' title="bbox 206 1740 1287 1822; baseline 0.004 -20"><span class='ocrx_word' id='word_1_89' title='bbox 206 1743 238 1802; x_wconf 86' lang='lat' dir='ltr'><strong>et</strong></span> <span class='ocrx_word' id='word_1_90' title='bbox 259 1741 350 1803; x_wconf 85' lang='lat' dir='ltr'><strong>notis</strong></span> <span class='ocrx_word' id='word_1_91' title='bbox 369 1740 520 1816; x_wconf 63' lang='lat' dir='ltr'><strong>musicis</strong></span> <span class='ocrx_word' id='word_1_92' title='bbox 544 1757 632 1822; x_wconf 86' lang='lat' dir='ltr'><strong>quae</strong></span> <span class='ocrx_word' id='word_1_93' title='bbox 652 1741 816 1805; x_wconf 80' lang='lat' dir='ltr'><strong>dicuntur</strong></span> <span class='ocrx_word' id='word_1_94' title='bbox 837 1759 989 1815; x_wconf 83' lang='lat' dir='ltr'><strong>neumae,</strong></span> <span class='ocrx_word' id='word_1_95' title='bbox 1012 1743 1207 1806; x_wconf 75' lang='lat' dir='ltr'><strong>instructus.</strong></span> <span class='ocrx_word' id='word_1_96' title='bbox 1285 1773 1287 1780; x_wconf 95' lang='lat'>·</span> 
     </span>
    </p>
   </div>
   <div class='ocr_carea' id='block_1_5' title="bbox 206 1861 1613 2289">
    <p class='ocr_par' dir='ltr' id='par_1_5' title="bbox 315 1861 1441 1942">
     <span class='ocr_line' id='line_1_12' title="bbox 315 1861 1441 1942; baseline 0.001 -18"><span class='ocrx_word' id='word_1_97' title='bbox 315 1861 575 1925; x_wconf 86' lang='lat' dir='ltr'><strong>Lectionarium</strong></span> <span class='ocrx_word' id='word_1_98' title='bbox 598 1862 640 1926; x_wconf 87' lang='lat' dir='ltr'><strong>de</strong></span> <span class='ocrx_word' id='word_1_99' title='bbox 661 1867 821 1942; x_wconf 88' lang='lat' dir='ltr'><strong>tempore</strong></span> <span class='ocrx_word' id='word_1_100' title='bbox 845 1869 881 1926; x_wconf 89' lang='lat' dir='ltr'><strong>et</strong></span> <span class='ocrx_word' id='word_1_101' title='bbox 903 1865 945 1926; x_wconf 90' lang='lat' dir='ltr'><strong>de</strong></span> <span class='ocrx_word' id='word_1_102' title='bbox 968 1864 1112 1942; x_wconf 81' lang='lat' dir='ltr'><strong>sanctie,</strong></span> <span class='ocrx_word' id='word_1_103' title='bbox 1134 1869 1224 1927; x_wconf 89' lang='lat' dir='ltr'><strong>initio</strong></span> <span class='ocrx_word' id='word_1_104' title='bbox 1248 1865 1441 1926; x_wconf 89' lang='lat' dir='ltr'><strong>mutilatum.</strong></span> 
     </span>
    </p>

    <p class='ocr_par' dir='ltr' id='par_1_6' title="bbox 206 1949 1613 2289">
     <span class='ocr_line' id='line_1_13' title="bbox 316 1949 1611 2031; baseline 0 -21"><span class='ocrx_word' id='word_1_105' title='bbox 316 1949 337 2012; x_wconf 88' lang='lat' dir='ltr'><strong>l.</strong></span> <span class='ocrx_word' id='word_1_106' title='bbox 373 1951 404 2010; x_wconf 90' lang='lat'><strong>1·</strong></span> <span class='ocrx_word' id='word_1_107' title='bbox 439 1949 633 2023; x_wconf 65' lang='lat' dir='ltr'><strong>»credenda</strong></span> <span class='ocrx_word' id='word_1_108' title='bbox 668 1956 705 2011; x_wconf 94' lang='lat' dir='ltr'><strong>ut</strong></span> <span class='ocrx_word' id='word_1_109' title='bbox 737 1951 935 2012; x_wconf 90' lang='lat' dir='ltr'><strong>habundetis</strong></span> <span class='ocrx_word' id='word_1_110' title='bbox 969 1956 1001 2014; x_wconf 92' lang='lat' dir='ltr'><strong>in</strong></span> <span class='ocrx_word' id='word_1_111' title='bbox 1032 1968 1092 2030; x_wconf 90' lang='lat' dir='ltr'><strong>spe</strong></span> <span class='ocrx_word' id='word_1_112' title='bbox 1127 1957 1160 2013; x_wconf 91' lang='lat' dir='ltr'><strong>et</strong></span> <span class='ocrx_word' id='word_1_113' title='bbox 1191 1955 1308 2013; x_wconf 90' lang='lat' dir='ltr'><strong>virtute</strong></span> <span class='ocrx_word' id='word_1_114' title='bbox 1340 1955 1472 2031; x_wconf 90' lang='lat' dir='ltr'><strong>spiritus</strong></span> <span class='ocrx_word' id='word_1_115' title='bbox 1497 1955 1611 2012; x_wconf 88' lang='lat' dir='ltr'><strong>sancti.</strong></span> 
     </span>
     <span class='ocr_line' id='line_1_14' title="bbox 206 2034 1611 2116; baseline 0.004 -22"><span class='ocrx_word' id='word_1_116' title='bbox 206 2034 353 2111; x_wconf 80' lang='lat' dir='ltr'><strong>(Rubr.:)</strong></span> <span class='ocrx_word' id='word_1_117' title='bbox 375 2035 548 2098; x_wconf 86' lang='lat' dir='ltr'><strong>Dominica</strong></span> <span class='ocrx_word' id='word_1_118' title='bbox 569 2035 627 2098; x_wconf 65' lang='grc' dir='ltr'>ΙΙΙ(</span> <span class='ocrx_word' id='word_1_119' title='bbox 653 2041 699 2112; x_wconf 90' lang='lat' dir='ltr'><strong>(in</strong></span> <span class='ocrx_word' id='word_1_120' title='bbox 723 2036 891 2116; x_wconf 89' lang='lat' dir='ltr'><strong>adventu).</strong></span> <span class='ocrx_word' id='word_1_121' title='bbox 916 2037 937 2100; x_wconf 90' lang='lat' dir='ltr'><strong>l.</strong></span> <span class='ocrx_word' id='word_1_122' title='bbox 970 2037 1026 2099; x_wconf 88' lang='grc'><strong>79·</strong></span> <span class='ocrx_word' id='word_1_123' title='bbox 1055 2039 1183 2100; x_wconf 85' lang='lat' dir='ltr'><strong>rubrica</strong></span> <span class='ocrx_word' id='word_1_124' title='bbox 1212 2037 1286 2099; x_wconf 86' lang='lat' dir='ltr'><strong>festi</strong></span> <span class='ocrx_word' id='word_1_125' title='bbox 1318 2055 1345 2100; x_wconf 83' lang='lat' dir='ltr'><strong>s,</strong></span> <span class='ocrx_word' id='word_1_126' title='bbox 1372 2037 1611 2100; x_wconf 83' lang='lat' dir='ltr'><strong>›Wenzeslai‹.</strong></span> 
     </span>
     <span class='ocr_line' id='line_1_15' title="bbox 207 2121 1613 2187; baseline 0.001 -4"><span class='ocrx_word' id='word_1_127' title='bbox 207 2121 228 2182; x_wconf 84' lang='lat' dir='ltr'><strong>f.</strong></span> <span class='ocrx_word' id='word_1_128' title='bbox 252 2121 309 2183; x_wconf 84' lang='lat'><strong>94·</strong></span> <span class='ocrx_word' id='word_1_129' title='bbox 330 2123 490 2185; x_wconf 87' lang='lat' dir='ltr'><strong>absolutis</strong></span> <span class='ocrx_word' id='word_1_130' title='bbox 514 2124 707 2185; x_wconf 91' lang='lat' dir='ltr'><strong>lectionibus</strong></span> <span class='ocrx_word' id='word_1_131' title='bbox 731 2128 763 2185; x_wconf 93' lang='lat' dir='ltr'><strong>in</strong></span> <span class='ocrx_word' id='word_1_132' title='bbox 787 2124 990 2187; x_wconf 84' lang='lat' dir='ltr'><strong>dedicatione</strong></span> <span class='ocrx_word' id='word_1_133' title='bbox 1013 2130 1135 2187; x_wconf 89' lang='lat' dir='ltr'><strong>inserta</strong></span> <span class='ocrx_word' id='word_1_134' title='bbox 1157 2131 1209 2186; x_wconf 87' lang='lat' dir='ltr'><strong>est</strong></span> <span class='ocrx_word' id='word_1_135' title='bbox 1231 2142 1332 2187; x_wconf 90' lang='lat' dir='ltr'><strong>manu</strong></span> <span class='ocrx_word' id='word_1_136' title='bbox 1355 2128 1523 2186; x_wconf 85' lang='lat' dir='ltr'><strong>recentiori</strong></span> <span class='ocrx_word' id='word_1_137' title='bbox 1539 2122 1613 2185; x_wconf 87' lang='lat' dir='ltr'><strong>XIV</strong></span> 
     </span>
     <span class='ocr_line' id='line_1_16' title="bbox 207 2208 1068 2289; baseline 0.006 -21"><span class='ocrx_word' id='word_1_138' title='bbox 207 2210 258 2269; x_wconf 90' lang='lat' dir='ltr'><strong>vel</strong></span> <span class='ocrx_word' id='word_1_139' title='bbox 280 2208 342 2270; x_wconf 94' lang='lat' dir='ltr'><strong>XV</strong></span> <span class='ocrx_word' id='word_1_140' title='bbox 365 2227 452 2271; x_wconf 87' lang='lat' dir='ltr'><strong>saec.</strong></span> <span class='ocrx_word' id='word_1_141' title='bbox 476 2211 570 2272; x_wconf 89' lang='lat' dir='ltr'><strong>lectio</strong></span> <span class='ocrx_word' id='word_1_142' title='bbox 593 2214 626 2272; x_wconf 91' lang='lat' dir='ltr'><strong>in</strong></span> <span class='ocrx_word' id='word_1_143' title='bbox 650 2210 735 2272; x_wconf 85' lang='lat' dir='ltr'><strong>festo</strong></span> <span class='ocrx_word' id='word_1_144' title='bbox 759 2215 893 2289; x_wconf 87' lang='lat' dir='ltr'><strong>spineae</strong></span> <span class='ocrx_word' id='word_1_145' title='bbox 917 2227 1068 2274; x_wconf 91' lang='lat' dir='ltr'><strong>coronae.</strong></span> 
     </span>
    </p>
   </div>
   <div class='ocr_carea' id='block_1_6' title="bbox 205 2315 1612 3068">
    <p class='ocr_par' dir='ltr' id='par_1_7' title="bbox 205 2315 1612 3068">
     <span class='ocr_line' id='line_1_17' title="bbox 313 2315 1611 2395; baseline 0.001 -24"><span class='ocrx_word' id='word_1_146' title='bbox 313 2315 424 2372; x_wconf 88' lang='lat' dir='ltr'><strong>Ibidem</strong></span> <span class='ocrx_word' id='word_1_147' title='bbox 447 2317 574 2374; x_wconf 87' lang='lat' dir='ltr'><strong>occurrit</strong></span> <span class='ocrx_word' id='word_1_148' title='bbox 594 2325 665 2374; x_wconf 89' lang='lat' dir='ltr'><strong>nota</strong></span> <span class='ocrx_word' id='word_1_149' title='bbox 687 2333 776 2373; x_wconf 88' lang='lat' dir='ltr'><strong>manu</strong></span> <span class='ocrx_word' id='word_1_150' title='bbox 799 2319 893 2374; x_wconf 91' lang='lat' dir='ltr'><strong>multo</strong></span> <span class='ocrx_word' id='word_1_151' title='bbox 923 2321 1075 2375; x_wconf 87' lang='lat' dir='ltr'><strong>recentiori</strong></span> <span class='ocrx_word' id='word_1_152' title='bbox 1099 2316 1191 2395; x_wconf 86' lang='lat' dir='ltr'><strong>(saec.</strong></span> <span class='ocrx_word' id='word_1_153' title='bbox 1224 2317 1322 2390; x_wconf 92' lang='lat' dir='ltr'>XVII)</span> <span class='ocrx_word' id='word_1_154' title='bbox 1356 2320 1510 2390; x_wconf 89' lang='lat' dir='ltr'><strong>prudenter</strong></span> <span class='ocrx_word' id='word_1_155' title='bbox 1541 2317 1611 2375; x_wconf 82' lang='lat' dir='ltr'><strong>salse</strong></span> 
     </span>
     <span class='ocr_line' id='line_1_18' title="bbox 206 2402 1611 2476; baseline 0.003 -18"><span class='ocrx_word' id='word_1_156' title='bbox 206 2403 322 2458; x_wconf 86' lang='lat' dir='ltr'><strong>addita:</strong></span> <span class='ocrx_word' id='word_1_157' title='bbox 349 2402 453 2459; x_wconf 80' lang='lat' dir='ltr'><strong>»Liber</strong></span> <span class='ocrx_word' id='word_1_158' title='bbox 475 2404 666 2476; x_wconf 81' lang='lat' dir='ltr'><strong>epistolatum</strong></span> <span class='ocrx_word' id='word_1_159' title='bbox 688 2405 776 2460; x_wconf 87' lang='lat' dir='ltr'><strong>Anno</strong></span> <span class='ocrx_word' id='word_1_160' title='bbox 804 2406 915 2462; x_wconf 80' lang='lat'><strong>1401.‹</strong></span> <span class='ocrx_word' id='word_1_161' title='bbox 941 2405 975 2460; x_wconf 94' lang='lat' dir='ltr'><strong>In</strong></span> <span class='ocrx_word' id='word_1_162' title='bbox 997 2407 1123 2462; x_wconf 92' lang='lat' dir='ltr'><strong>eundem</strong></span> <span class='ocrx_word' id='word_1_163' title='bbox 1146 2421 1269 2462; x_wconf 88' lang='lat' dir='ltr'><strong>errorem</strong></span> <span class='ocrx_word' id='word_1_164' title='bbox 1292 2405 1430 2462; x_wconf 89' lang='lat' dir='ltr'><strong>inducere</strong></span> <span class='ocrx_word' id='word_1_165' title='bbox 1453 2406 1517 2462; x_wconf 88' lang='lat' dir='ltr'><strong>vult</strong></span> <span class='ocrx_word' id='word_1_166' title='bbox 1539 2411 1611 2462; x_wconf 91' lang='lat' dir='ltr'><strong>nota</strong></span> 
     </span>
     <span class='ocr_line' id='line_1_19' title="bbox 207 2487 1611 2551; baseline 0.004 -8"><span class='ocrx_word' id='word_1_167' title='bbox 207 2503 285 2546; x_wconf 87' lang='lat' dir='ltr'><strong>saec.</strong></span> <span class='ocrx_word' id='word_1_168' title='bbox 308 2487 392 2546; x_wconf 93' lang='lat' dir='ltr'>XVII</span> <span class='ocrx_word' id='word_1_169' title='bbox 414 2505 572 2547; x_wconf 89' lang='lat' dir='ltr'><strong>occurrens</strong></span> <span class='ocrx_word' id='word_1_170' title='bbox 602 2493 632 2547; x_wconf 93' lang='lat' dir='ltr'><strong>in</strong></span> <span class='ocrx_word' id='word_1_171' title='bbox 667 2491 760 2548; x_wconf 88' lang='lat' dir='ltr'><strong>Ironte</strong></span> <span class='ocrx_word' id='word_1_172' title='bbox 783 2487 834 2550; x_wconf 88' lang='lat' dir='ltr'><strong>Iol.</strong></span> <span class='ocrx_word' id='word_1_173' title='bbox 865 2494 877 2548; x_wconf 89' lang='lat'>1</span> <span class='ocrx_word' id='word_1_174' title='bbox 906 2491 1012 2549; x_wconf 81' lang='lat' dir='ltr'><strong>»Liber</strong></span> <span class='ocrx_word' id='word_1_175' title='bbox 1033 2493 1203 2549; x_wconf 87' lang='lat' dir='ltr'><strong>monasterii</strong></span> <span class='ocrx_word' id='word_1_176' title='bbox 1226 2491 1260 2551; x_wconf 91' lang='lat' dir='ltr'><strong>B.</strong></span> <span class='ocrx_word' id='word_1_177' title='bbox 1284 2491 1321 2550; x_wconf 92' lang='lat' dir='ltr'><strong>V.</strong></span> <span class='ocrx_word' id='word_1_178' title='bbox 1345 2495 1375 2548; x_wconf 91' lang='lat' dir='ltr'><strong>in</strong></span> <span class='ocrx_word' id='word_1_179' title='bbox 1406 2491 1488 2548; x_wconf 86' lang='lat' dir='ltr'><strong>Plass</strong></span> <span class='ocrx_word' id='word_1_180' title='bbox 1512 2493 1611 2548; x_wconf 85' lang='lat' dir='ltr'><strong>cathe-</strong></span> 
     </span>
     <span class='ocr_line' id='line_1_20' title="bbox 206 2574 1612 2662; baseline 0.003 -32"><span class='ocrx_word' id='word_1_181' title='bbox 206 2574 274 2646; x_wconf 86' lang='lat' dir='ltr'><strong>logo</strong></span> <span class='ocrx_word' id='word_1_182' title='bbox 305 2577 356 2634; x_wconf 88' lang='lat' dir='ltr'><strong>lib.</strong></span> <span class='ocrx_word' id='word_1_183' title='bbox 388 2577 549 2648; x_wconf 90' lang='lat' dir='ltr'><strong>inscriptus</strong></span> <span class='ocrx_word' id='word_1_184' title='bbox 582 2578 639 2635; x_wconf 93' lang='grc' dir='ltr'><strong>Αο.</strong></span> <span class='ocrx_word' id='word_1_185' title='bbox 674 2578 786 2662; x_wconf 63' lang='grc' dir='ltr'><strong>1399α,</strong></span> <span class='ocrx_word' id='word_1_186' title='bbox 819 2581 988 2650; x_wconf 88' lang='lat' dir='ltr'><strong>praesertim</strong></span> <span class='ocrx_word' id='word_1_187' title='bbox 1020 2595 1088 2636; x_wconf 94' lang='lat' dir='ltr'><strong>cum</strong></span> <span class='ocrx_word' id='word_1_188' title='bbox 1119 2595 1257 2636; x_wconf 91' lang='lat' dir='ltr'><strong>numerus</strong></span> <span class='ocrx_word' id='word_1_189' title='bbox 1284 2579 1301 2635; x_wconf 88' lang='lat'><strong>3</strong></span> <span class='ocrx_word' id='word_1_190' title='bbox 1326 2579 1453 2650; x_wconf 89' lang='lat' dir='ltr'><strong>scriptus</strong></span> <span class='ocrx_word' id='word_1_191' title='bbox 1484 2581 1523 2634; x_wconf 91' lang='lat' dir='ltr'><strong>sit</strong></span> <span class='ocrx_word' id='word_1_192' title='bbox 1545 2579 1612 2636; x_wconf 87' lang='lat' dir='ltr'><strong>loco</strong></span> 
     </span>
     <span class='ocr_line' id='line_1_21' title="bbox 205 2661 1611 2738; baseline 0.003 -22"><span class='ocrx_word' id='word_1_193' title='bbox 205 2677 300 2717; x_wconf 87' lang='lat' dir='ltr'><strong>eraso.</strong></span> <span class='ocrx_word' id='word_1_194' title='bbox 335 2662 369 2718; x_wconf 93' lang='lat' dir='ltr'><strong>In</strong></span> <span class='ocrx_word' id='word_1_195' title='bbox 392 2667 520 2734; x_wconf 82' lang='lat' dir='ltr'><strong>margine</strong></span> <span class='ocrx_word' id='word_1_196' title='bbox 550 2661 650 2721; x_wconf 64' lang='grc'><strong>129·</strong></span> <span class='ocrx_word' id='word_1_197' title='bbox 673 2672 919 2721; x_wconf 87' lang='lat' dir='ltr'><strong>commemoratur</strong></span> <span class='ocrx_word' id='word_1_198' title='bbox 940 2667 1017 2737; x_wconf 82' lang='lat' dir='ltr'><strong>Ignis</strong></span> <span class='ocrx_word' id='word_1_199' title='bbox 1041 2667 1070 2724; x_wconf 88' lang='grc'><strong>9.</strong></span> <span class='ocrx_word' id='word_1_200' title='bbox 1095 2681 1156 2738; x_wconf 87' lang='lat' dir='ltr'><strong>apr.</strong></span> <span class='ocrx_word' id='word_1_201' title='bbox 1185 2667 1264 2722; x_wconf 78' lang='lat'>1659</span> <span class='ocrx_word' id='word_1_202' title='bbox 1289 2667 1326 2722; x_wconf 87' lang='lat' dir='ltr'><strong>ab</strong></span> <span class='ocrx_word' id='word_1_203' title='bbox 1356 2667 1544 2722; x_wconf 85' lang='lat' dir='ltr'><strong>incendiariis</strong></span> <span class='ocrx_word' id='word_1_204' title='bbox 1566 2666 1611 2737; x_wconf 90' lang='lat' dir='ltr'><strong>(in</strong></span> 
     </span>
     <span class='ocr_line' id='line_1_22' title="bbox 206 2749 1610 2824; baseline 0.004 -22"><span class='ocrx_word' id='word_1_205' title='bbox 206 2755 333 2806; x_wconf 90' lang='lat' dir='ltr'><strong>monast.</strong></span> <span class='ocrx_word' id='word_1_206' title='bbox 364 2749 528 2822; x_wconf 85' lang='lat' dir='ltr'><strong>Plassensi)</strong></span> <span class='ocrx_word' id='word_1_207' title='bbox 558 2753 684 2823; x_wconf 88' lang='lat' dir='ltr'><strong>positus,</strong></span> <span class='ocrx_word' id='word_1_208' title='bbox 715 2755 766 2807; x_wconf 91' lang='lat' dir='ltr'><strong>sed</strong></span> <span class='ocrx_word' id='word_1_209' title='bbox 797 2751 919 2808; x_wconf 80' lang='lat' dir='ltr'><strong>feliciter</strong></span> <span class='ocrx_word' id='word_1_210' title='bbox 949 2769 967 2810; x_wconf 84' lang='lat' dir='ltr'><strong>a</strong></span> <span class='ocrx_word' id='word_1_211' title='bbox 996 2753 1133 2809; x_wconf 83' lang='lat' dir='ltr'><strong>tratribus</strong></span> <span class='ocrx_word' id='word_1_212' title='bbox 1157 2755 1313 2810; x_wconf 88' lang='lat' dir='ltr'><strong>extinctus.</strong></span> <span class='ocrx_word' id='word_1_213' title='bbox 1345 2751 1490 2824; x_wconf 91' lang='lat' dir='ltr'><strong>Operculo</strong></span> <span class='ocrx_word' id='word_1_214' title='bbox 1514 2767 1610 2823; x_wconf 89' lang='lat' dir='ltr'><strong>super.</strong></span> 
     </span>
     <span class='ocr_line' id='line_1_23' title="bbox 207 2835 1609 2910; baseline 0.003 -20"><span class='ocrx_word' id='word_1_215' title='bbox 207 2835 422 2906; x_wconf 88' lang='lat' dir='ltr'><strong>adglutinatum</strong></span> <span class='ocrx_word' id='word_1_216' title='bbox 446 2843 507 2893; x_wconf 89' lang='lat' dir='ltr'><strong>erat</strong></span> <span class='ocrx_word' id='word_1_217' title='bbox 530 2854 548 2893; x_wconf 88' lang='lat' dir='ltr'><strong>a</strong></span> <span class='ocrx_word' id='word_1_218' title='bbox 570 2837 692 2908; x_wconf 87' lang='lat' dir='ltr'><strong>ligatore</strong></span> <span class='ocrx_word' id='word_1_219' title='bbox 717 2853 795 2896; x_wconf 82' lang='lat' dir='ltr'><strong>saec.</strong></span> <span class='ocrx_word' id='word_1_220' title='bbox 818 2837 874 2894; x_wconf 94' lang='lat' dir='ltr'><strong>XV</strong></span> <span class='ocrx_word' id='word_1_221' title='bbox 896 2839 947 2896; x_wconf 84' lang='lat' dir='ltr'><strong>Iol.</strong></span> <span class='ocrx_word' id='word_1_222' title='bbox 970 2855 1064 2895; x_wconf 91' lang='lat' dir='ltr'><strong>unum</strong></span> <span class='ocrx_word' id='word_1_223' title='bbox 1085 2841 1248 2896; x_wconf 88' lang='lat' dir='ltr'><strong>lectionarii</strong></span> <span class='ocrx_word' id='word_1_224' title='bbox 1271 2842 1374 2908; x_wconf 90' lang='lat' dir='ltr'><strong>nostri,</strong></span> <span class='ocrx_word' id='word_1_225' title='bbox 1398 2843 1428 2895; x_wconf 93' lang='lat' dir='ltr'><strong>in</strong></span> <span class='ocrx_word' id='word_1_226' title='bbox 1451 2854 1509 2910; x_wconf 91' lang='lat' dir='ltr'><strong>quo</strong></span> <span class='ocrx_word' id='word_1_227' title='bbox 1533 2840 1609 2896; x_wconf 90' lang='lat' dir='ltr'><strong>idern</strong></span> 
     </span>
     <span class='ocr_line' id='line_1_24' title="bbox 205 2922 1611 2999; baseline 0.004 -22"><span class='ocrx_word' id='word_1_228' title='bbox 205 2922 303 2978; x_wconf 86' lang='lat' dir='ltr'><strong>scriba</strong></span> <span class='ocrx_word' id='word_1_229' title='bbox 325 2931 498 2980; x_wconf 85' lang='lat' dir='ltr'><strong>exaraverat</strong></span> <span class='ocrx_word' id='word_1_230' title='bbox 520 2925 675 2980; x_wconf 91' lang='lat' dir='ltr'><strong>lectionem</strong></span> <span class='ocrx_word' id='word_1_231' title='bbox 699 2928 847 2995; x_wconf 87' lang='lat' dir='ltr'><strong>quandam</strong></span> <span class='ocrx_word' id='word_1_232' title='bbox 870 2925 1001 2982; x_wconf 87' lang='lat' dir='ltr'><strong>Danielis</strong></span> <span class='ocrx_word' id='word_1_233' title='bbox 1024 2927 1192 2999; x_wconf 87' lang='lat' dir='ltr'><strong>prophetae.</strong></span> <span class='ocrx_word' id='word_1_234' title='bbox 1209 2925 1253 2982; x_wconf 83' lang='lat' dir='ltr'><strong>Ex</strong></span> <span class='ocrx_word' id='word_1_235' title='bbox 1269 2928 1446 2982; x_wconf 85' lang='lat' dir='ltr'><strong>monasterio</strong></span> <span class='ocrx_word' id='word_1_236' title='bbox 1462 2925 1611 2982; x_wconf 88' lang='lat' dir='ltr'><strong>Plassensl</strong></span> 
     </span>
     <span class='ocr_line' id='line_1_25' title="bbox 205 3008 508 3068; baseline 0.013 -5"><span class='ocrx_word' id='word_1_237' title='bbox 205 3011 268 3066; x_wconf 90' lang='lat' dir='ltr'><strong>ord.</strong></span> <span class='ocrx_word' id='word_1_238' title='bbox 293 3008 508 3068; x_wconf 77' lang='lat' dir='ltr'><strong>cisterciensis.</strong></span> 
     </span>
    </p>
   </div>
   <div class='ocr_carea' id='block_1_7' title="bbox 312 3177 994 3259">
    <p class='ocr_par' dir='ltr' id='par_1_8' title="bbox 312 3177 994 3259">
     <span class='ocr_line' id='line_1_26' title="bbox 312 3177 994 3259; baseline 0.001 -3"><span class='ocrx_word' id='word_1_239' title='bbox 312 3177 378 3259; x_wconf 89' lang='grc'><strong>197</strong></span> <span class='ocrx_word' id='word_1_240' title='bbox 805 3180 835 3256; x_wconf 94' lang='lat' dir='ltr'><strong>I.</strong></span> <span class='ocrx_word' id='word_1_241' title='bbox 862 3181 905 3257; x_wconf 89' lang='lat' dir='ltr'><strong>E.</strong></span> <span class='ocrx_word' id='word_1_242' title='bbox 933 3183 994 3257; x_wconf 83' lang='lat'><strong>12.</strong></span> 
     </span>
    </p>
   </div>
   <div class='ocr_carea' id='block_1_8' title="bbox 207 3317 1613 3490">
    <p class='ocr_par' dir='ltr' id='par_1_9' title="bbox 207 3317 1613 3490">
     <span class='ocr_line' id='line_1_27' title="bbox 207 3317 1613 3404; baseline 0.006 -27"><span class='ocrx_word' id='word_1_243' title='bbox 207 3318 397 3380; x_wconf 83' lang='lat' dir='ltr'><strong>membran.</strong></span> <span class='ocrx_word' id='word_1_244' title='bbox 419 3335 507 3382; x_wconf 87' lang='lat' dir='ltr'><strong>saec.</strong></span> <span class='ocrx_word' id='word_1_245' title='bbox 522 3317 611 3382; x_wconf 86' lang='lat' dir='ltr'><strong>XIV</strong></span> <span class='ocrx_word' id='word_1_246' title='bbox 623 3317 664 3400; x_wconf 85' lang='lat' dir='ltr'><strong>ff.</strong></span> <span class='ocrx_word' id='word_1_247' title='bbox 678 3319 730 3393; x_wconf 84' lang='lat'><strong>88,</strong></span> <span class='ocrx_word' id='word_1_248' title='bbox 753 3321 797 3384; x_wconf 85' lang='lat'><strong>29</strong></span> <span class='ocrx_word' id='word_1_249' title='bbox 809 3323 842 3380; x_wconf 91' lang='lat'><strong>&gt;&lt;</strong></span> <span class='ocrx_word' id='word_1_250' title='bbox 853 3323 893 3384; x_wconf 88' lang='lat'><strong>21</strong></span> <span class='ocrx_word' id='word_1_251' title='bbox 911 3340 974 3386; x_wconf 84' lang='lat' dir='ltr'><strong>ern.</strong></span> <span class='ocrx_word' id='word_1_252' title='bbox 998 3323 1042 3384; x_wconf 87' lang='lat' dir='ltr'><strong>ab</strong></span> <span class='ocrx_word' id='word_1_253' title='bbox 1054 3341 1121 3385; x_wconf 87' lang='lat' dir='ltr'><strong>nno</strong></span> <span class='ocrx_word' id='word_1_254' title='bbox 1132 3323 1249 3388; x_wconf 85' lang='lat' dir='ltr'><strong>scriba</strong></span> <span class='ocrx_word' id='word_1_255' title='bbox 1265 3323 1434 3404; x_wconf 83' lang='lat' dir='ltr'><strong>eleganter</strong></span> <span class='ocrx_word' id='word_1_256' title='bbox 1448 3325 1613 3386; x_wconf 84' lang='lat' dir='ltr'><strong>exaratus</strong></span> 
     </span>
     <span class='ocr_line' id='line_1_28' title="bbox 207 3405 1566 3490; baseline 0.006 -25"><span class='ocrx_word' id='word_1_257' title='bbox 207 3408 238 3465; x_wconf 88' lang='lat' dir='ltr'><strong>et</strong></span> <span class='ocrx_word' id='word_1_258' title='bbox 259 3405 469 3480; x_wconf 64' lang='lat' dir='ltr'><strong>rubricatus</strong></span> <span class='ocrx_word' id='word_1_259' title='bbox 492 3407 553 3469; x_wconf 82' lang='lat' dir='ltr'><strong>litt.</strong></span> <span class='ocrx_word' id='word_1_260' title='bbox 577 3405 648 3468; x_wconf 86' lang='lat' dir='ltr'><strong>init.</strong></span> <span class='ocrx_word' id='word_1_261' title='bbox 666 3406 851 3488; x_wconf 82' lang='lat' dir='ltr'><strong>picturatis</strong></span> <span class='ocrx_word' id='word_1_262' title='bbox 872 3409 957 3490; x_wconf 76' lang='lat' dir='ltr'><strong>(retra</strong></span> <span class='ocrx_word' id='word_1_263' title='bbox 979 3411 1015 3472; x_wconf 84' lang='lat' dir='ltr'><strong>ia</strong></span> <span class='ocrx_word' id='word_1_264' title='bbox 1028 3409 1062 3490; x_wconf 90' lang='lat' dir='ltr'><strong>f.</strong></span> <span class='ocrx_word' id='word_1_265' title='bbox 1086 3411 1142 3474; x_wconf 87' lang='grc'><strong>16·</strong></span> <span class='ocrx_word' id='word_1_266' title='bbox 1164 3409 1348 3488; x_wconf 83' lang='lat' dir='ltr'><strong>deaurata)</strong></span> <span class='ocrx_word' id='word_1_267' title='bbox 1371 3413 1566 3473; x_wconf 79' lang='lat' dir='ltr'><strong>exornatus.</strong></span> 
     </span>
    </p>
   </div>
   <div class='ocr_carea' id='block_1_9' title="bbox 313 3525 1609 3713">
    <p class='ocr_par' dir='ltr' id='par_1_10' title="bbox 313 3525 1609 3713">
     <span class='ocr_line' id='line_1_29' title="bbox 313 3525 1609 3609; baseline 0.006 -22"><span class='ocrx_word' id='word_1_268' title='bbox 313 3525 416 3588; x_wconf 90' lang='lat' dir='ltr'><strong>Liber</strong></span> <span class='ocrx_word' id='word_1_269' title='bbox 436 3532 618 3606; x_wconf 90' lang='lat' dir='ltr'><strong>troporum</strong></span> <span class='ocrx_word' id='word_1_270' title='bbox 640 3533 676 3590; x_wconf 88' lang='lat' dir='ltr'><strong>et</strong></span> <span class='ocrx_word' id='word_1_271' title='bbox 698 3527 909 3606; x_wconf 88' lang='lat' dir='ltr'><strong>hymnorum</strong></span> <span class='ocrx_word' id='word_1_272' title='bbox 931 3531 1109 3609; x_wconf 88' lang='lat' dir='ltr'><strong>perpetuis</strong></span> <span class='ocrx_word' id='word_1_273' title='bbox 1133 3532 1227 3594; x_wconf 90' lang='lat' dir='ltr'><strong>notis</strong></span> <span class='ocrx_word' id='word_1_274' title='bbox 1243 3531 1388 3594; x_wconf 86' lang='lat' dir='ltr'><strong>musicis</strong></span> <span class='ocrx_word' id='word_1_275' title='bbox 1405 3531 1609 3596; x_wconf 88' lang='lat' dir='ltr'><strong>instructus.</strong></span> 
     </span>
     <span class='ocr_line' id='line_1_30' title="bbox 313 3629 951 3713; baseline 0.009 -22"><span class='ocrx_word' id='word_1_276' title='bbox 313 3630 335 3691; x_wconf 89' lang='lat' dir='ltr'><strong>l.</strong></span> <span class='ocrx_word' id='word_1_277' title='bbox 363 3631 466 3692; x_wconf 89' lang='lat'>1-15</span> <span class='ocrx_word' id='word_1_278' title='bbox 487 3629 597 3709; x_wconf 91' lang='lat' dir='ltr'><strong>Tropi.</strong></span> <span class='ocrx_word' id='word_1_279' title='bbox 621 3631 643 3692; x_wconf 87' lang='lat' dir='ltr'><strong>i.</strong></span> <span class='ocrx_word' id='word_1_280' title='bbox 671 3631 796 3696; x_wconf 87' lang='grc'><strong>16-88</strong></span> <span class='ocrx_word' id='word_1_281' title='bbox 819 3633 951 3713; x_wconf 85' lang='lat' dir='ltr'><strong>Hymni.</strong></span> 
     </span>
    </p>
   </div>
   <div class='ocr_carea' id='block_1_10' title="bbox 207 3801 1059 4025">
    <p class='ocr_par' dir='ltr' id='par_1_11' title="bbox 207 3801 1059 4025">
     <span class='ocr_line' id='line_1_31' title="bbox 313 3801 999 3883; baseline -0.003 -1"><span class='ocrx_word' id='word_1_282' title='bbox 313 3801 382 3883; x_wconf 89' lang='grc'><strong>198</strong></span> <span class='ocrx_word' id='word_1_283' title='bbox 810 3807 839 3882; x_wconf 92' lang='lat' dir='ltr'><strong>I.</strong></span> <span class='ocrx_word' id='word_1_284' title='bbox 867 3805 910 3881; x_wconf 93' lang='lat' dir='ltr'><strong>E.</strong></span> <span class='ocrx_word' id='word_1_285' title='bbox 939 3807 999 3882; x_wconf 81' lang='grc'><strong>13.</strong></span> 
     </span>
     <span class='ocr_line' id='line_1_32' title="bbox 207 3941 1059 4025; baseline 0.009 -24"><span class='ocrx_word' id='word_1_286' title='bbox 207 3941 313 4002; x_wconf 80' lang='lat' dir='ltr'><strong>chart.</strong></span> <span class='ocrx_word' id='word_1_287' title='bbox 335 3959 423 4005; x_wconf 86' lang='lat' dir='ltr'><strong>saec.</strong></span> <span class='ocrx_word' id='word_1_288' title='bbox 446 3941 533 4003; x_wconf 84' lang='lat' dir='ltr'><strong>XIV</strong></span> <span class='ocrx_word' id='word_1_289' title='bbox 540 3943 587 4025; x_wconf 87' lang='lat' dir='ltr'><strong>ff.</strong></span> <span class='ocrx_word' id='word_1_290' title='bbox 610 3944 684 4021; x_wconf 74' lang='lat'><strong><em>146,</em></strong></span> <span class='ocrx_word' id='word_1_291' title='bbox 708 3946 851 4008; x_wconf 84' lang='lat'><em>29&gt;&lt;22</em></span> <span class='ocrx_word' id='word_1_292' title='bbox 873 3965 936 4009; x_wconf 91' lang='lat' dir='ltr'><strong>cm.</strong></span> <span class='ocrx_word' id='word_1_293' title='bbox 959 3947 992 4009; x_wconf 85' lang='lat' dir='ltr'><strong>d.</strong></span> <span class='ocrx_word' id='word_1_294' title='bbox 1014 3966 1059 4010; x_wconf 91' lang='lat' dir='ltr'><strong>m.</strong></span> 
     </span>
    </p>
   </div>
   <div class='ocr_carea' id='block_1_11' title="bbox 312 4061 1610 4148">
    <p class='ocr_par' dir='ltr' id='par_1_12' title="bbox 312 4061 1610 4148">
     <span class='ocr_line' id='line_1_33' title="bbox 312 4061 1610 4148; baseline 0.007 -24"><span class='ocrx_word' id='word_1_295' title='bbox 312 4061 334 4124; x_wconf 87' lang='grc'><strong>1.</strong></span> <span class='ocrx_word' id='word_1_296' title='bbox 363 4064 472 4126; x_wconf 83' lang='grc'><strong>1·-8·</strong></span> <span class='ocrx_word' id='word_1_297' title='bbox 493 4068 652 4142; x_wconf 86' lang='lat' dir='ltr'><strong>(anepigr.)</strong></span> <span class='ocrx_word' id='word_1_298' title='bbox 675 4068 846 4146; x_wconf 88' lang='lat' dir='ltr'><strong>Expositio</strong></span> <span class='ocrx_word' id='word_1_299' title='bbox 870 4085 930 4130; x_wconf 91' lang='lat' dir='ltr'><strong>seu</strong></span> <span class='ocrx_word' id='word_1_300' title='bbox 954 4074 1125 4148; x_wconf 88' lang='lat' dir='ltr'><strong>registrum</strong></span> <span class='ocrx_word' id='word_1_301' title='bbox 1149 4071 1322 4132; x_wconf 88' lang='lat' dir='ltr'><strong>cuiusdam</strong></span> <span class='ocrx_word' id='word_1_302' title='bbox 1346 4072 1412 4132; x_wconf 89' lang='lat' dir='ltr'><strong>libri</strong></span> <span class='ocrx_word' id='word_1_303' title='bbox 1436 4077 1610 4133; x_wconf 91' lang='lat' dir='ltr'><strong>canonico·</strong></span> 
     </span>
    </p>
   </div>
   <div class='ocr_carea' id='block_1_12' title="bbox 206 4150 1607 4302">
    <p class='ocr_par' dir='ltr' id='par_1_13' title="bbox 206 4150 1607 4302">
     <span class='ocr_line' id='line_1_34' title="bbox 206 4150 1607 4236; baseline 0.008 -27"><span class='ocrx_word' id='word_1_304' title='bbox 206 4150 328 4210; x_wconf 91' lang='lat' dir='ltr'><strong>iuridici</strong></span> <span class='ocrx_word' id='word_1_305' title='bbox 359 4155 502 4229; x_wconf 87' lang='lat' dir='ltr'><strong>pessima</strong></span> <span class='ocrx_word' id='word_1_306' title='bbox 534 4159 699 4233; x_wconf 88' lang='lat' dir='ltr'><strong>scriptum.</strong></span> <span class='ocrx_word' id='word_1_307' title='bbox 730 4154 814 4217; x_wconf 84' lang='lat' dir='ltr'><strong>Inc:</strong></span> <span class='ocrx_word' id='word_1_308' title='bbox 849 4154 1032 4235; x_wconf 79' lang='lat' dir='ltr'><strong>»Quoniam</strong></span> <span class='ocrx_word' id='word_1_309' title='bbox 1056 4162 1250 4220; x_wconf 92' lang='lat' dir='ltr'><strong>constitucio</strong></span> <span class='ocrx_word' id='word_1_310' title='bbox 1283 4159 1462 4236; x_wconf 89' lang='lat' dir='ltr'><strong>apostolice</strong></span> <span class='ocrx_word' id='word_1_311' title='bbox 1486 4159 1607 4220; x_wconf 84' lang='lat' dir='ltr'><strong>sedis«.</strong></span> 
     </span>
     <span class='ocr_line' id='line_1_35' title="bbox 207 4234 602 4302; baseline 0.018 -7"><span class='ocrx_word' id='word_1_312' title='bbox 207 4234 292 4298; x_wconf 89' lang='lat' dir='ltr'><strong>Finis</strong></span> <span class='ocrx_word' id='word_1_313' title='bbox 315 4238 443 4298; x_wconf 89' lang='lat' dir='ltr'><strong>calamo</strong></span> <span class='ocrx_word' id='word_1_314' title='bbox 467 4239 602 4302; x_wconf 78' lang='lat' dir='ltr'><strong>deletus,</strong></span> 
     </span>
    </p>
   </div>
   <div class='ocr_carea' id='block_1_13' title="bbox 205 4338 1607 4589">
    <p class='ocr_par' dir='ltr' id='par_1_14' title="bbox 205 4338 1607 4589">
     <span class='ocr_line' id='line_1_36' title="bbox 311 4338 1604 4425; baseline 0.002 -24"><span class='ocrx_word' id='word_1_315' title='bbox 311 4340 332 4402; x_wconf 90' lang='lat' dir='ltr'><strong>i.</strong></span> <span class='ocrx_word' id='word_1_316' title='bbox 356 4338 679 4419; x_wconf 75' lang='lat' dir='ltr'><strong>8b-10b&lt;anepigr.)</strong></span> <span class='ocrx_word' id='word_1_317' title='bbox 703 4345 825 4407; x_wconf 91' lang='lat' dir='ltr'><strong>Sermo</strong></span> <span class='ocrx_word' id='word_1_318' title='bbox 849 4345 891 4407; x_wconf 89' lang='lat' dir='ltr'><strong>de</strong></span> <span class='ocrx_word' id='word_1_319' title='bbox 906 4347 1080 4424; x_wconf 87' lang='lat' dir='ltr'><strong>praelatis.</strong></span> <span class='ocrx_word' id='word_1_320' title='bbox 1108 4345 1422 4425; x_wconf 86' lang='lat' dir='ltr'><strong>»Congregabuntur</strong></span> <span class='ocrx_word' id='word_1_321' title='bbox 1436 4347 1604 4411; x_wconf 77' lang='lat' dir='ltr'><strong>liliiJuda‹</strong></span> 
     </span>
     <span class='ocr_line' id='line_1_37' title="bbox 205 4427 1607 4589; baseline 0.008 -103"><span class='ocrx_word' id='word_1_322' title='bbox 205 4427 452 4589; x_wconf 42' lang='lat' dir='ltr'><strong>Jbszriisiggiplina</strong></span> <span class='ocrx_word' id='word_1_323' title='bbox 475 4431 572 4490; x_wconf 90' lang='lat' dir='ltr'><strong>simul</strong></span> <span class='ocrx_word' id='word_1_324' title='bbox 602 4448 677 4491; x_wconf 92' lang='lat' dir='ltr'><strong>cum</strong></span> <span class='ocrx_word' id='word_1_325' title='bbox 702 4432 861 4493; x_wconf 85' lang='lat' dir='ltr'><strong>tbabulis«</strong></span> <span class='ocrx_word' id='word_1_326' title='bbox 898 4435 1018 4512; x_wconf 84' lang='lat' dir='ltr'><strong>(cetera</strong></span> <span class='ocrx_word' id='word_1_327' title='bbox 1041 4433 1162 4494; x_wconf 88' lang='lat' dir='ltr'><strong>desunt</strong></span> <span class='ocrx_word' id='word_1_328' title='bbox 1191 4433 1267 4495; x_wconf 87' lang='lat' dir='ltr'><strong>lolio</strong></span> <span class='ocrx_word' id='word_1_329' title='bbox 1291 4435 1424 4495; x_wconf 90' lang='lat' dir='ltr'><strong>dimidio</strong></span> <span class='ocrx_word' id='word_1_330' title='bbox 1449 4445 1607 4514; x_wconf 88' lang='lat' dir='ltr'><strong>sequente</strong></span> 
     </span>
    </p>
   </div>
   <div class='ocr_carea' id='block_1_14' title="bbox 310 4618 1448 4699">
    <p class='ocr_par' dir='ltr' id='par_1_15' title="bbox 310 4618 1448 4699">
     <span class='ocr_line' id='line_1_38' title="bbox 310 4618 1448 4699; baseline 0.006 -20"><span class='ocrx_word' id='word_1_331' title='bbox 310 4619 331 4680; x_wconf 86' lang='lat' dir='ltr'><strong>f.</strong></span> <span class='ocrx_word' id='word_1_332' title='bbox 361 4619 512 4680; x_wconf 86' lang='lat' dir='ltr'><strong>ll·—2l⁸</strong></span> <span class='ocrx_word' id='word_1_333' title='bbox 536 4618 719 4699; x_wconf 85' lang='lat' dir='ltr'><strong>Expositio</strong></span> <span class='ocrx_word' id='word_1_334' title='bbox 743 4621 912 4685; x_wconf 90' lang='lat' dir='ltr'><strong>orationis</strong></span> <span class='ocrx_word' id='word_1_335' title='bbox 936 4621 1129 4685; x_wconf 88' lang='lat' dir='ltr'><strong>dominicae</strong></span> <span class='ocrx_word' id='word_1_336' title='bbox 1153 4624 1254 4686; x_wconf 90' lang='lat' dir='ltr'><strong>initio</strong></span> <span class='ocrx_word' id='word_1_337' title='bbox 1278 4625 1448 4687; x_wconf 86' lang='lat' dir='ltr'><strong>mutilata.</strong></span> 
     </span>
    </p>
   </div>
   <div class='ocr_carea' id='block_1_15' title="bbox 210 4723 1608 5150">
    <p class='ocr_par' dir='ltr' id='par_1_16' title="bbox 210 4723 1608 4890">
     <span class='ocr_line' id='line_1_39' title="bbox 310 4723 1608 4803; baseline 0.003 -19"><span class='ocrx_word' id='word_1_338' title='bbox 310 4723 331 4784; x_wconf 89' lang='lat' dir='ltr'><strong>l.</strong></span> <span class='ocrx_word' id='word_1_339' title='bbox 356 4723 516 4785; x_wconf 58' lang='grc' dir='ltr'><strong>21·-351ι</strong></span> <span class='ocrx_word' id='word_1_340' title='bbox 538 4723 721 4803; x_wconf 87' lang='lat' dir='ltr'><strong>Expositio</strong></span> <span class='ocrx_word' id='word_1_341' title='bbox 744 4725 912 4788; x_wconf 87' lang='lat' dir='ltr'><strong>orationis</strong></span> <span class='ocrx_word' id='word_1_342' title='bbox 936 4727 1012 4788; x_wconf 88' lang='lat' dir='ltr'><strong>Ave</strong></span> <span class='ocrx_word' id='word_1_343' title='bbox 1041 4726 1160 4788; x_wconf 88' lang='lat' dir='ltr'><strong>Maria.</strong></span> <span class='ocrx_word' id='word_1_344' title='bbox 1188 4729 1291 4789; x_wconf 82' lang='lat' dir='ltr'><strong>»Audi</strong></span> <span class='ocrx_word' id='word_1_345' title='bbox 1315 4729 1379 4790; x_wconf 84' lang='lat' dir='ltr'><strong>lilia</strong></span> <span class='ocrx_word' id='word_1_346' title='bbox 1402 4737 1434 4791; x_wconf 91' lang='lat' dir='ltr'><strong>et</strong></span> <span class='ocrx_word' id='word_1_347' title='bbox 1455 4731 1548 4791; x_wconf 80' lang='lat' dir='ltr'><strong>uide«</strong></span> <span class='ocrx_word' id='word_1_348' title='bbox 1576 4734 1608 4788; x_wconf 89' lang='lat'><strong>&gt;&lt;</strong></span> 
     </span>
     <span class='ocr_line' id='line_1_40' title="bbox 210 4809 1420 4890; baseline 0.003 -19"><span class='ocrx_word' id='word_1_349' title='bbox 210 4809 366 4889; x_wconf 82' lang='lat' dir='ltr'><strong>»Explicit</strong></span> <span class='ocrx_word' id='word_1_350' title='bbox 389 4828 475 4888; x_wconf 91' lang='lat' dir='ltr'><strong>opus</strong></span> <span class='ocrx_word' id='word_1_351' title='bbox 499 4828 598 4890; x_wconf 91' lang='lat' dir='ltr'><strong>super</strong></span> <span class='ocrx_word' id='word_1_352' title='bbox 620 4813 689 4872; x_wconf 76' lang='lat' dir='ltr'><strong>Ave</strong></span> <span class='ocrx_word' id='word_1_353' title='bbox 713 4811 844 4874; x_wconf 85' lang='lat' dir='ltr'><strong>Maria«</strong></span> <span class='ocrx_word' id='word_1_354' title='bbox 1418 4823 1420 4826; x_wconf 82' lang='grc'><strong>’</strong></span> 
     </span>
    </p>

    <p class='ocr_par' dir='ltr' id='par_1_17' title="bbox 310 4895 1607 4978">
     <span class='ocr_line' id='line_1_41' title="bbox 310 4895 1607 4978; baseline 0.007 -21"><span class='ocrx_word' id='word_1_355' title='bbox 310 4897 331 4958; x_wconf 83' lang='lat' dir='ltr'><strong>f.</strong></span> <span class='ocrx_word' id='word_1_356' title='bbox 356 4895 519 4958; x_wconf 70' lang='lat' dir='ltr'><strong>35a„,33s</strong></span> <span class='ocrx_word' id='word_1_357' title='bbox 542 4899 729 4961; x_wconf 89' lang='lat' dir='ltr'><strong>Sermones</strong></span> <span class='ocrx_word' id='word_1_358' title='bbox 753 4901 833 4976; x_wconf 92' lang='lat' dir='ltr'><strong>duo,</strong></span> <span class='ocrx_word' id='word_1_359' title='bbox 857 4901 888 4961; x_wconf 95' lang='lat' dir='ltr'><strong>d.</strong></span> <span class='ocrx_word' id='word_1_360' title='bbox 913 4899 946 4961; x_wconf 95' lang='lat' dir='ltr'><strong>S.</strong></span> <span class='ocrx_word' id='word_1_361' title='bbox 970 4899 1128 4978; x_wconf 90' lang='lat' dir='ltr'><strong>Philippo</strong></span> <span class='ocrx_word' id='word_1_362' title='bbox 1151 4906 1186 4962; x_wconf 89' lang='lat' dir='ltr'><strong>et</strong></span> <span class='ocrx_word' id='word_1_363' title='bbox 1205 4903 1247 4963; x_wconf 88' lang='lat' dir='ltr'><strong>de</strong></span> <span class='ocrx_word' id='word_1_364' title='bbox 1264 4902 1447 4965; x_wconf 86' lang='lat' dir='ltr'><strong>nativitate</strong></span> <span class='ocrx_word' id='word_1_365' title='bbox 1466 4904 1607 4966; x_wconf 91' lang='lat' dir='ltr'><strong>domini.</strong></span> 
     </span>
    </p>

    <p class='ocr_par' dir='ltr' id='par_1_18' title="bbox 211 4980 1608 5150">
     <span class='ocr_line' id='line_1_42' title="bbox 310 4980 1608 5066; baseline 0.006 -22"><span class='ocrx_word' id='word_1_366' title='bbox 310 4983 331 5046; x_wconf 87' lang='lat' dir='ltr'><strong>l.</strong></span> <span class='ocrx_word' id='word_1_367' title='bbox 357 4980 978 5060; x_wconf 73' lang='lat' dir='ltr'><strong>39⁸-65b(anepigr.)v0cabu1nrius</strong></span> <span class='ocrx_word' id='word_1_368' title='bbox 1009 4987 1150 5062; x_wconf 80' lang='lat' dir='ltr'><strong>latinuS,</strong></span> <span class='ocrx_word' id='word_1_369' title='bbox 1181 5005 1247 5066; x_wconf 91' lang='lat' dir='ltr'><strong>quo</strong></span> <span class='ocrx_word' id='word_1_370' title='bbox 1277 5007 1379 5050; x_wconf 82' lang='lat' dir='ltr'><strong>uoces</strong></span> <span class='ocrx_word' id='word_1_371' title='bbox 1411 4995 1518 5051; x_wconf 90' lang='lat' dir='ltr'><strong>minus</strong></span> <span class='ocrx_word' id='word_1_372' title='bbox 1543 4997 1608 5052; x_wconf 89' lang='lat' dir='ltr'><strong>usi·</strong></span> 
     </span>
     <span class='ocr_line' id='line_1_43' title="bbox 211 5072 1551 5150; baseline 0.007 -21"><span class='ocrx_word' id='word_1_373' title='bbox 211 5073 291 5131; x_wconf 86' lang='lat' dir='ltr'><strong>tatae</strong></span> <span class='ocrx_word' id='word_1_374' title='bbox 315 5072 527 5150; x_wconf 85' lang='lat' dir='ltr'><strong>explicantur,</strong></span> <span class='ocrx_word' id='word_1_375' title='bbox 551 5077 708 5149; x_wconf 90' lang='lat' dir='ltr'><strong>incipiens</strong></span> <span class='ocrx_word' id='word_1_376' title='bbox 732 5076 774 5134; x_wconf 92' lang='lat' dir='ltr'><strong>ab</strong></span> <span class='ocrx_word' id='word_1_377' title='bbox 801 5075 951 5146; x_wconf 74' lang='lat' dir='ltr'><strong>»Abies«,</strong></span> <span class='ocrx_word' id='word_1_378' title='bbox 976 5075 1132 5135; x_wconf 89' lang='lat' dir='ltr'><strong>desinens</strong></span> <span class='ocrx_word' id='word_1_379' title='bbox 1156 5078 1187 5135; x_wconf 93' lang='lat' dir='ltr'><strong>in</strong></span> <span class='ocrx_word' id='word_1_380' title='bbox 1211 5093 1326 5137; x_wconf 75' lang='lat' dir='ltr'><strong>vocem</strong></span> <span class='ocrx_word' id='word_1_381' title='bbox 1354 5077 1551 5138; x_wconf 78' lang='lat' dir='ltr'><strong>»Zinziber«.</strong></span> 
     </span>
    </p>
   </div>
   <div class='ocr_carea' id='block_1_16' title="bbox 888 5299 921 5348">
    <p class='ocr_par' dir='ltr' id='par_1_19' title="bbox 888 5299 921 5348">
     <span class='ocr_line' id='line_1_44' title="bbox 888 5299 921 5348; baseline 0.03 -1"><span class='ocrx_word' id='word_1_382' title='bbox 888 5299 921 5348; x_wconf 75' lang='lat'><strong>73</strong></span> 
     </span>
    </p>
   </div>
   <div class='ocr_carea' id='block_1_17' title="bbox 0 0 2028 6006">
    <p class='ocr_par' dir='ltr' id='par_1_20' title="bbox 0 0 2028 6006">
     <span class='ocr_line' id='line_1_45' title="bbox 0 0 2028 6006; baseline 0 0"><span class='ocrx_word' id='word_1_383' title='bbox 0 0 2028 6006; x_wconf 95' lang='lat' dir='ltr'><strong> </strong></span> 
     </span>
    </p>
   </div>
  </div>
 </body>
</html>
