3938 6010
855 582 937 645 1093

302 790 321 852 l.
350 788 711 868 1611-166bnegidii
735 791 776 851 de
800 789 974 852 Columna
996 787 1143 851 Romani
1172 787 1356 850 Tractatus
1379 789 1421 850 de
1453 795 1598 867 peccato

192 877 363 955 originali.
412 876 501 955 »Ego
535 894 611 938 cum
647 881 708 937 sim
744 878 869 956 pulvis«
897 877 936 954 ><
964 875 1053 937 »Hec
1085 876 1181 938 irater
1203 874 1339 953 Egidius
1364 876 1404 936 de
1430 875 1533 937 Roma
1557 877 1597 936 dc

195 969 333 1042 peccato
357 965 531 1042 originali«

297 1053 399 1110 Codex
421 1054 479 1123 hic,
504 1054 590 1108 cuius
613 1053 725 1108 foliae
748 1053 768 1110 1.
796 1054 853 1108 122
878 1053 1025 1124 incipiens
1047 1053 1212 1108 rubricator
1241 1065 1370 1108 coaevus
1408 1055 1597 1121 enumeravit,

194 1142 285 1196 altera
307 1156 375 1212 pars
398 1141 583 1198 collectionis
606 1140 762 1195 cuiusdam
786 1139 905 1196 maioris
941 1155 1007 1195 esse
1040 1138 1166 1197 videtur.
1212 1135 1289 1194 Nota
1324 1144 1353 1194 ln
1387 1138 1437 1194 fol.
1472 1139 1594 1194 ultimo:

196 1227 272 1283 »Iste
295 1228 367 1284 liber
390 1233 435 1283 est
457 1227 627 1282 monasterii
651 1225 881 1282 Borowanensis
905 1226 979 1282 alias
1003 1225 1124 1282 Forwos
1148 1225 1229 1296 Prag.
1253 1227 1341 1296 dyoc.
1366 1227 1452 1282 datus
1473 1242 1523 1296 per
1538 1241 1596 1283 rev.

193 1313 272 1385 Mag.
296 1313 489 1370 Mauricium‹
515 1309 564 1389 (de
587 1312 771 1385 Benessow).
797 1312 906 1369 Deinde
931 1315 1027 1369 codex
1049 1312 1103 1368 luit
1127 1312 1196 1367 bibl.
1220 1311 1461 1383 Rosenbergicae,
1486 1327 1523 1366 ex
1539 1329 1598 1384 qua

195 1401 348 1457 restitutus
372 1407 416 1457 est
439 1401 617 1456 monasterio
641 1401 781 1472 praelato.

806 1549 864 1625 VI.
893 1550 941 1626 D.
970 1550 992 1624 I
997 1609 1005 1623 .

194 1551 412 1736 6010οῗ000,
435 1673 471 1735 X
474 1672 558 1735 VIII
564 1673 605 1754 ff.
620 1673 695 1748 306,
712 1674 756 1736 36
768 1676 810 1746 Χ
821 1675 861 1736 21
886 1691 949 1734 cin.
970 1676 988 1734 l
1011 1692 1055 1734 m.
1073 1692 1152 1736 cum
1167 1675 1270 1753 imag.
1287 1675 1416 1734 otram.
1434 1671 1520 1732 chin.
1537 1671 1598 1732 del.

196 1794 420 1873 Florilegium
441 1793 632 1856 lvanaeum
655 1811 720 1856 seu
743 1794 970 1858 collectiones
993 1793 1395 1872 chronologico-criticae
1411 1793 1598 1870 explanan-

193 1890 250 1945 tes
274 1885 401 1956 ortum,
424 1897 661 1960 progressum,
685 1898 850 1944 occasum
875 1928 881 1941 .
906 1927 915 1942 .
940 1931 947 1943 .
972 1881 1003 1942 d.
1026 1879 1126 1944 Ivani
1147 1881 1238 1944 conf.
1263 1880 1420 1960 (auctore
1442 1878 1598 1957 Eugenio

193 1967 334 2044 Prudilt,
373 1967 556 2046 suppriore
579 1973 733 2032 monast.
756 1969 799 2030 ad
823 1968 857 2032 S.
880 1968 1079 2030 iohannem
1103 1969 1168 2030 sub
1192 1967 1294 2046 rupe)
1318 1967 1598 2045 subsequentibus

403 2061 500 2116 variis
524 2055 667 2116 eundem
691 2061 842 2116 sanctum
867 2056 1143 2116 concernentibus
1171 2055 1388 2116 documentis,

299 2145 368 2201 Sine
392 2146 482 2202 dubio
506 2161 542 2200 ex
566 2151 693 2202 monast.
718 2161 741 2201 s.
766 2145 912 2200 iohannis
936 2147 992 2200 sub
1015 2161 1095 2216 rupe.

301 2312 384 2394 1091
820 2311 880 2388 VI.
908 2313 957 2388 D.
986 2314 1023 2388 2.

194 2436 303 2496 citari.
325 2452 411 2497 saec.
435 2435 472 2497 X
477 2434 705 2498 VII-XVIII
710 2436 757 2518 ff.
782 2437 835 2511 62,
855 2437 997 2499 30><20
1030 2455 1092 2498 cm.
1117 2439 1134 2498 l
1161 2454 1205 2497 m.

199 2556 471 2634 ›Compendium
505 2557 592 2619 iuris
627 2557 711 2619 novi
744 2557 973 2635 provincialis
1008 2557 1163 2620 Boemici
1198 2558 1391 2620 secundum
1414 2571 1599 2618 numerum

196 2644 452 2721 alphabeticum
474 2648 655 2705 novissime
680 2661 812 2706 summa
834 2645 998 2723 diligentia
1021 2649 1238 2722 congestum,
1262 2648 1349 2704 notis
1373 2660 1415 2704 ex
1438 2647 1505 2704 iure
1521 2659 1598 2702 con·

197 2731 418 2792 suetudinario
452 2748 491 2791 ac
525 2732 710 2809 municipali
746 2739 889 2806 auctum,
925 2739 995 2794 tum
1020 2736 1109 2810 regni
1134 2731 1328 2794 officialibus
1352 2735 1384 2790 et
1406 2730 1598 2792 consiliariis

196 2825 263 2878 tum
288 2822 337 2891 iis,
372 2822 426 2898 qui
460 2823 492 2878 in
527 2817 598 2878 loro
633 2825 665 2878 et
698 2822 790 2897 praxi
813 2825 998 2894 versantur,
1030 2823 1175 2898 apprime
1199 2818 1275 2880 utile
1298 2834 1336 2877 ac
1361 2833 1461 2895 prope
1485 2832 1598 2876 neces-

820 2909 971 2966 sarium«

301 2994 335 3049 In
358 2996 450 3051 fronte
474 2996 605 3050 eiusdem
629 2995 721 3052 tituli:
747 2993 809 3050 »Ex
833 2996 954 3051 archivo
978 2994 1105 3066 Spineae
1128 2995 1292 3051 Coronae«

303 3161 400 3243 1092
812 3161 870 3237 VI.
901 3163 1011 3240 0.,3.

196 3285 305 3347 chart.
327 3302 415 3346 saec.
438 3282 506 3344 XV
524 3284 562 3366 ff.
585 3285 661 3359 175,
683 3285 854 3346 29·5><21
880 3303 943 3347 cm.
967 3287 999 3350 d.
1022 3303 1067 3347 m.

461 3405 651 3468 Sermones
674 3405 864 3469 aestivales
888 3408 930 3469 de
953 3412 1111 3485 tempore
1135 3411 1170 3468 et
1193 3407 1335 3468 sanctis.

299 3495 455 3568 Inscriptio
496 3497 526 3552 in
567 3497 705 3567 operculo
748 3513 845 3569 super.
880 3497 965 3552 valde
990 3498 1087 3553 attrita
1115 3497 1254 3552 »Postilla
1272 3541 1278 3554 .
1298 3538 1305 3551 .
1326 3541 1332 3554 .
1352 3511 1410 3568 ppa
1445 3494 1594 3550 estivalis«

197 3584 326 3650 indicare
348 3585 463 3640 videtur
485 3585 586 3638 codice
610 3584 754 3640 contineri
789 3591 899 3655 partem
933 3599 1113 3654 sermonum,
1147 3586 1197 3655 qui
1233 3584 1369 3640 dicuntur
1405 3579 1516 3652 Cappa
1540 3595 1599 3636 seu

196 3684 310 3725 aurum
333 3672 393 3726 sub
416 3669 493 3726 fimo
516 3666 669 3746 (Antonii
691 3668 900 3745 Parmensis).

305 3837 403 3918 1093
789 3838 850 3914 VI.
879 3837 927 3912 b.
963 3839 998 3912 4.

196 3979 306 4040 chart.
337 3995 424 4038 saec.
455 3975 711 4056 XIV-Xfo.
736 3979 801 4041 156
822 3997 926 4056 natm,
959 3979 1143 4056 29·5><22
1165 3995 1227 4039 cm.
1252 3979 1269 4039 l
1294 3995 1339 4040 nr.

269 4081 458 4144 Sermones
482 4082 524 4142 de
547 4081 680 4144 sanctis
704 4081 786 4144 dicti
813 4081 912 4144 »Flos
936 4083 1079 4160 campi«
1107 4081 1233 4156 (Jacobi
1256 4082 1298 4142 de
1320 4080 1482 4158 Voragine
1496 4079 1520 4154 i)

306 4168 472 4228 Praecedit
495 4169 607 4228 tabula
629 4185 821 4230 sermonum
846 4174 877 4231 in
901 4169 956 4230 iol.
980 4187 1048 4231 non
1072 4187 1162 4232 num.

291 4253 322 4314 vl.
350 4257 383 4317 1²
409 4254 544 4317 »Sermo
567 4256 608 4316 de
632 4256 776 4316 adventu
807 4257 930 4318 domini
962 4257 1004 4317 de
1036 4257 1238 4336 quadruplici
1273 4258 1456 4316 imitacione
1492 4252 1596 4316 Cristi.

197 4341 370 4419 Preparare
394 4346 425 4404 in
450 4358 643 4403 occursum·
674 4341 702 4406 Χ
727 4343 749 4404 1.
778 4343 852 4404 153²
880 4342 1039 4422 »Explicit
1061 4343 1141 4404 liber
1164 4343 1271 4405 dictus
1288 4341 1364 4402 Flos
1381 4345 1497 4419 campi,
1523 4344 1598 4419 quia

198 4433 284 4489 sicut
307 4427 369 4490 llos
393 4433 519 4506 campi<
550 4435 609 4488 etc.
1348 4475 1351 4480 .
1470 4495 1472 4500 ,

202 4556 207 4582 ;
301 4514 322 4576 1.
351 4511 549 4576 1532-156b
573 4513 752 4576 Sermones
776 4516 816 4575 de
842 4534 868 4576 S.
892 4514 1042 4577 Johanne
1066 4515 1213 4593 Baptista
1235 4523 1267 4577 et
1289 4516 1330 4576 de
1354 4533 1380 4577 S.
1405 4531 1511 4576 cruce.

216 4655 231 4668 ,,
303 4602 322 4663 l.
352 4597 428 4664 156b
450 4599 535 4662 Nota
569 4602 723 4662 historica
761 4603 801 4661 de
836 4603 927 4662 bellis
962 4603 1112 4663 husiticis
1135 4619 1165 4664 a.
1194 4601 1362 4664 1420-30
1396 4603 1598 4679 subscripta:

202 4705 263 4766 »ya
285 4687 437 4766 Mykkolt
459 4689 596 4750 odna5.«
623 4689 722 4766 (adid.
747 4687 868 4761 Hester,
894 4687 1009 4767 Script.
1035 4706 1092 4749 rer.
1119 4689 1194 4750 hus.
1216 4688 1250 4762 ll,
1276 4687 1339 4767 70).

248 4848 250 4856 Ι
302 4777 335 4833 In
357 4778 451 4834 lronte
474 4779 593 4834 tabulae
616 4794 785 4834 sermonum
809 4781 884 4834 duae
908 4785 994 4834 notae
1019 4785 1098 4846 sunt,
1122 4779 1218 4850 prior:
1254 4778 1383 4849 »Templi
1407 4779 1484 4833 arcis
1512 4777 1597 4846 Zmy-

198 4867 262 4930 ken
278 4862 438 4935 (Zvikovl)
464 4864 577 4934 1648«,
601 4866 762 4936 posterior:
790 4865 933 4936 »Collegii
957 4865 987 4920 S.
1011 4864 1037 4922 J.
1062 4863 1251 4924 Brzeznicii.«
1276 4864 1335 4920 Sed
1351 4867 1461 4936 priores
1478 4878 1597 4934 posses·

198 4966 281 5006 sores
303 4952 369 5006 libri
392 4957 474 5007 erant
496 4952 630 5007 canonici
655 4953 802 5022 regulares
826 4952 968 5008 ecclesiae
991 4951 1103 5008 Montis
1132 4967 1157 5008 S.
1180 4952 1323 5008 Desiderii
1358 4951 1388 5006 in
1425 4949 1529 5021 Lyssa,
1565 4957 1597 5004 ut

199 5039 284 5093 docet
309 5045 380 5093 nota
402 5039 439 5093 ad
463 5039 573 5094 calcem
598 5038 616 5094 1.
647 5031 678 5094 lb
702 5045 730 5093 et
754 5039 789 5092 2⁸
814 5054 901 5095 manu
928 5055 1005 5096 saec.
1029 5037 1085 5093 XV
1108 5039 1257 5111 inscripta.

873 5259 923 5308 447
