3974 6014
1055 552 1113 612 12ίὶ

480 762 500 822 i.
525 757 727 822 2532—2581
755 758 900 822 »Glossa
929 765 1009 822 octo
1040 759 1320 821 beatitudinum«
1360 757 1599 818 »beatitudines
1623 763 1701 817 sunt
1723 757 1780 816 ha·

379 849 660 997 ξῑθῑέῑίῃῖἒῖξᾛιγίι
689 847 720 904 ><
749 865 841 909 »cum
858 853 930 926 ipso
954 864 1079 925 sponso
1104 847 1426 907 desiderabilissimo.
1453 843 1545 924 Expl.
1569 843 1682 922 glossa
1705 848 1780 904 octo

484 1052 585 1108 Codex
610 1054 680 1110 bibl.
704 1053 948 1120 Roienbergicae,
972 1051 1039 1104 dein
1063 1055 1190 1105 monast.
1215 1047 1412 1103 Tiebonensis
1437 1059 1506 1102 erat.

487 1281 553 1361 126
995 1277 1024 1356 Ι.
1054 1277 1088 1353 C.
1116 1279 1176 1353 33.

379 1439 486 1500 chart.
510 1458 597 1501 sacr.
621 1437 690 1500 XV
704 1439 743 1521 ff.
766 1437 830 1500 314
853 1455 957 1511 uum„
978 1436 1117 1499 31><21
1143 1453 1205 1496 cm.
1230 1437 1261 1497 d.
1285 1455 1330 1496 ru.

479 1577 652 1640 Johannis
682 1575 872 1639 lanuensis
903 1575 945 1636 de
967 1574 1083 1636 Balbis
1114 1574 1185 1636 ord.
1217 1575 1333 1652 praed.
1364 1573 1531 1636 Prosodia
1556 1573 1631 1634 sive
1655 1573 1780 1635 Catho-

379 1665 480 1727 licon.
505 1665 606 1742 (Pars
629 1664 653 1726 Ι.
678 1664 780 1742 A·H).

480 1776 500 1838 l.
529 1779 539 1836 l
580 1777 753 1838 »Prosodia
788 1776 928 1854 quedam
967 1791 1043 1852 pars
1080 1779 1289 1852 grammatice
1328 1781 1565 1852 nuncupatum.
1591 1775 1622 1829 >Q
1647 1772 1666 1831 l.
1699 1769 1780 1831 313b

383 1863 623 1942 »Heyronimus
654 1869 877 1940 interpretatur
900 1879 994 1922 sacra
1016 1862 1077 1934 lex,
1103 1861 1160 1920 luit
1183 1865 1268 1920 enim
1301 1869 1436 1921 sanctus
1460 1860 1492 1919 id
1516 1867 1567 1919 est
1590 1859 1704 1918 tirmus
1727 1861 1778 1916 vel

380 1951 524 2011 mundus
541 1953 591 2010 rel
609 1955 767 2027 sanguine
786 1954 905 2009 tinctus
921 1949 989 2010 vel«
1009 1952 1095 2021 (sic).
1120 1952 1201 2017 (Alia
1218 1967 1306 2006 manu
1330 1953 1406 2006 rubr.
1418 1952 1439 2020 z)
1467 1945 1578 2006 »Liber
1594 1948 1779 2006 monasterii

381 2037 500 2096 domus
526 2037 559 2096 S.
585 2037 685 2113 Egilia
711 2041 942 2096 canonicorum
967 2035 1158 2112 regularium
1183 2037 1214 2093 in
1238 2033 1414 2111 lllrtignaw
1436 2035 1516 2094 alias
1539 2038 1570 2093 in
1594 2031 1776 2092 Trachon·

481 2147 500 2207 l.
525 2146 605 2207 {llll
629 2148 845 2225 alphabetum
870 2163 1022 2223 graecum
1047 2152 1079 2206 et
1102 2153 1197 2206 notae
1222 2163 1430 2206 numerorum
1453 2163 1600 2224 graecae.

484 2280 586 2352 Opere.
622 2297 686 2349 sup.
723 2280 883 2348 adligatum
917 2285 961 2333 est
997 2279 1045 2334 iol.
1079 2281 1209 2347 membr„
1256 2295 1314 2348 quo
1361 2282 1525 2334 continetur
1571 2281 1778 2334 documentum

376 2367 586 2436 ¹obligatorium
611 2366 753 2420 lobannis
777 2365 861 2420 Cilica
885 2366 957 2422 civis
982 2365 1081 2418 Novae
1105 2363 1220 2419 Pilznae
1244 2367 1279 2419 de
1304 2381 1329 2421 a.
1360 2366 1449 2422 1413.
1481 2363 1550 2420 Item
1576 2382 1672 2436 opere.
1697 2365 1778 2422 infer.

381 2454 499 2509 membr.
525 2455 733 2508 documentum
757 2451 900 2510 Jolrannis
924 2453 958 2505 de
983 2451 1129 2522 Superiori
1154 2450 1306 2506 Lucawicz
1329 2453 1399 2508 dicti
1424 2452 1560 2520 Lucawa,
1584 2470 1643 2522 quo
1667 2453 1781 2507 locatur

382 2541 461 2595 »iure
484 2540 700 2610 emphitcotic0,
733 2542 810 2609 quod
842 2539 998 2608 vulgariter
1028 2539 1187 2609 poddaczic
1211 2539 1347 2607 dicitur«,
1372 2540 1441 2594 villa
1464 2538 1552 2609 Oplol
1576 2557 1601 2594 a.
1632 2540 1708 2593 1407
1734 2539 1777 2610 (2.

381 2627 473 2693 maii).
506 2625 538 2680 In
570 2627 661 2680 fronte
696 2625 745 2681 tol.
777 2629 805 2678 ll
837 2627 908 2678 llaec
940 2631 1010 2678 nota
1040 2641 1129 2678 manu
1160 2640 1237 2681 saec.
1271 2624 1325 2679 XV
1357 2629 1465 2696 scripta
1496 2628 1638 2680 occurrit:
1677 2626 1778 2680 »Hunc

378 2714 484 2768 librum
509 2713 615 2781 legarit
641 2727 691 2781 pro
716 2714 893 2768 monasterio
917 2710 1112 2766 Trzebonensi
1136 2713 1350 2766 indrustriosus
1374 2712 1555 2766 Wanieczlro
1573 2711 1780 2767 deSobienow

379 2801 510 2855 notarius
535 2799 641 2854 nobilis
665 2799 774 2853 domini
799 2797 889 2852 Vlrici
913 2799 948 2850 de
964 2798 1161 2854 Rosenberk.«
1188 2797 1298 2852 Deinde
1322 2803 1416 2854 codex
1439 2806 1499 2854 erat
1521 2801 1551 2854 in
1575 2801 1645 2855 bibl.
1669 2800 1780 2854 Rosen·

381 2888 506 2957 bergica,
531 2903 566 2940 ex
590 2903 648 2956 qua
671 2885 848 2939 monasterio
872 2885 1001 2954 praelato
1025 2885 1174 2939 restitutus
1199 2894 1251 2941 est.

486 3113 549 3191 127
1000 3111 1029 3186 l.
1060 3111 1094 3185 C.
1122 3113 1182 3185 31.

379 3272 487 3333 chart.
512 3289 543 3330 a.
568 3269 656 3330 1475
663 3268 711 3350 ff.
733 3269 801 3330 395
821 3268 1083 3344 rruru.,29><21
1110 3287 1172 3348 cur..
1196 3269 1213 3330 1
1240 3289 1284 3332 ru.
1308 3271 1354 3332 lit.
1380 3272 1449 3334 iru't.
1474 3272 1591 3332 rubris
1607 3275 1636 3332 et
1646 3271 1778 3350 passim

379 3357 545 3418 caeruleis
565 3357 693 3434 (prima
716 3355 903 3416 admodum
922 3355 1064 3434 pulchre
1086 3356 1214 3436 depicta
1238 3357 1299 3436 esi)
1322 3361 1512 3420 exornatus.

478 3494 735 3558 Bartholomaei
750 3494 791 3554 de
804 3493 977 3555 Glanvilla
987 3494 1123 3573 Anglici
1131 3494 1180 3557 De
1192 3496 1461 3574 proprietatibus
1472 3513 1589 3558 rerum
1597 3495 1675 3558 libri
1689 3495 1778 3558 XIX.

480 3608 501 3668 i.
525 3607 555 3668 3.
582 3605 685 3668 »Cum
709 3611 920 3686 proprietates
951 3624 1057 3667 rerum
1082 3615 1261 3685 sequantur
1284 3611 1688 3670 substanciassccundum
1713 3611 1777 3670 dis-

381 3700 574 3757 tinccionem
606 3699 638 3753 et
668 3695 814 3754 ordinem
840 3693 1121 3754 substanciarum‹
1138 3699 1169 3752 ><
1182 3695 1201 3754 l.
1222 3693 1303 3755 39:3¹³
1323 3704 1377 3756 »ut
1391 3702 1499 3774 patere
1516 3701 1630 3772 poterit
1646 3697 1778 3774 diligen-

380 3788 430 3842 cia
468 3785 611 3841 intuenti.
643 3781 779 3852 (Rubr.:)
810 3779 946 3857 Explicit
970 3782 1047 3840 liber
1080 3787 1312 3858 proprietatum
1353 3800 1458 3842 rerum
1497 3801 1516 3841 a
1547 3781 1776 3844 Bartholomeo

382 3869 513 3929 Francie
538 3872 613 3940 (sic)
637 3867 731 3928 fratre
756 3871 917 3926 minorum
942 3868 1178 3928 monachorum
1202 3869 1309 3930 editus
1333 3875 1365 3930 et
1388 3869 1523 3930 lactus,-

480 3979 501 4040 f.
526 3977 699 4038 394-395
723 3977 771 4038 De
797 3984 1016 4038 monstruosis
1040 3980 1237 4040 hominibus.

481 4092 501 4152 i.
526 4089 621 4152 39:31³:
649 4089 771 4151 »Finito
794 4091 873 4150 libro
897 4095 939 4150 sit
961 4091 1032 4150 laus
1056 4098 1087 4151 et
1109 4093 1211 4169 gloria
1234 4091 1364 4155 Christo
1388 4111 1445 4172 per
1467 4111 1586 4155 manus
1602 4095 1773 4157 lobannis

379 4177 506 4240 Villani
528 4185 663 4256 protunc
694 4193 818 4237 moram
842 4178 977 4237 trahenti
1000 4181 1075 4250 (sic)
1099 4178 1134 4239 in
1158 4180 1256 4257 opido
1280 4187 1468 4259 nuncupato
1491 4181 1623 4260 Swyny
1658 4183 1721 4242 sub
1745 4201 1774 4242 a.

381 4266 412 4328 d.
437 4261 813 4336 etchxv⁰<1475).‹
840 4263 888 4324 Cf.
913 4261 1097 4343 Sternberg,
1123 4265 1390 4328 Pllanzenkunde
1414 4267 1435 4337 l,
1459 4267 1510 4330 30.

483 4397 544 4453 Fol.
581 4399 605 4454 l.
639 4404 665 4451 et
698 4397 726 4451 2.
750 4395 910 4467 praeligata
932 4404 1009 4453 sunt.
1034 4397 1161 4453 Primum
1192 4402 1311 4460 membr.
1343 4410 1387 4456 est
1419 4407 1446 4456 et
1477 4403 1605 4457 continet
1629 4403 1775 4472 quandam

381 4487 592 4555 expositionem
615 4483 838 4552 Apocalypseos
862 4499 938 4539 saec.
971 4481 1048 4553 XIV,
1073 4485 1153 4540 alteri
1178 4489 1394 4557 adglutinatam
1418 4495 1461 4543 est
1485 4490 1600 4558 insigne
1626 4490 1695 4545 bibl.
1720 4491 1776 4544 Ro-

382 4571 577 4640 senbergicae.
603 4569 632 4625 l'.
660 4569 720 4623 249
736 4576 763 4623 et
775 4585 818 4640 sq.
844 4577 1002 4624 occurrunt
1018 4571 1130 4642 aliquot
1146 4573 1264 4641 glossae
1282 4576 1451 4630 bohemicae
1468 4576 1653 4646 marginales.
1671 4577 1777 4632 lntrin-

381 4674 468 4713 secus
485 4673 580 4726 operc.
598 4672 662 4726 sup.
688 4661 845 4726 inscriptus
869 4663 913 4712 est
936 4656 982 4710 hic
1006 4659 1107 4712 titulus
1132 4673 1220 4713 manu
1244 4677 1320 4718 saec.
1334 4659 1398 4720 XV.
1415 4661 1657 4717 »Bartholomeus
1673 4665 1777 4732 (manu

381 4761 437 4800 rec.
466 4745 550 4798 add:
582 4742 754 4810 Angelicus)
787 4745 821 4796 dc
842 4743 1066 4813 proprietatibus
1099 4761 1193 4800 rerum
1228 4755 1368 4818 exceptus
1399 4751 1434 4802 de
1465 4749 1538 4804 libro
1568 4750 1776 4820 proprietatum

382 4833 479 4900 magni
494 4830 603 4884 Alberti
627 4845 677 4899 pro
703 4831 879 4884 monasterio
913 4829 1109 4885 Trzeboncnsi
1140 4834 1267 4888 donatus
1298 4843 1325 4889 et
1349 4835 1507 4904 scriptus«.
1531 4835 1575 4890 Ex
1598 4839 1776 4892 monasterio

382 4917 508 4988 praefato
532 4919 625 4972 codex
650 4917 678 4968 in
703 4916 772 4972 bibl.
798 4917 1038 4984 Rosenbergicam
1063 4919 1201 4988 pervenit,
1227 4923 1303 4976 unde
1330 4927 1434 4990 postca
1462 4925 1638 4978 monasterio
1666 4922 1775 4978 Tiebo-

382 5003 464 5058 nensi
488 5005 640 5058 restitutus
664 5007 717 5058 est.
