3938 6010
1045 592 1126 652 1074

488 799 589 882 1074
977 797 1038 875 VI.
1071 799 1106 875 C.
1131 800 1191 874 16.

383 939 491 1002 chart.
516 959 549 1001 a.
574 940 792 1002 1759—1773
804 937 853 1018 ss.
877 939 951 1015 136,
975 941 1021 1002 35
1032 941 1127 1019 ><22
1149 958 1212 1002 cele.
1237 941 1269 1000 d.
1293 958 1338 1001 m.

386 1059 562 1122 »Diarium
586 1061 745 1138 quintum
767 1066 965 1123 conventus
985 1060 1107 1122 Matris
1130 1059 1324 1124 Dolorosae
1348 1061 1385 1122 in
1408 1059 1621 1122 Rabenstein
1653 1057 1792 1121 ordinis

382 1147 574 1210 Servorum
597 1149 627 1210 b.
651 1147 781 1210 Mariae
802 1145 897 1225 Virg.
922 1148 963 1209 ab
988 1165 1081 1209 anno
1107 1147 1191 1210 1759
1214 1164 1327 1226 usque
1349 1148 1393 1210 ad
1409 1165 1440 1211 a.
1458 1143 1541 1208 1773
1561 1162 1683 1208 mense
1706 1145 1793 1208 Maii

837 1233 1078 1312 conscriptum
1103 1233 1327 1298 sllicitum«

486 1324 631 1394 (Diarium
654 1325 779 1395 primum
801 1341 836 1379 v:
871 1323 919 1381 VI.
938 1323 971 1381 C.
992 1325 1049 1394 18„
1085 1328 1246 1381 secundum
1263 1341 1299 1380 v:
1323 1323 1385 1381 XII.
1402 1325 1439 1381 A.
1458 1325 1503 1391 5.)
1524 1323 1568 1378 Ex
1591 1324 1694 1378 eodem
1719 1338 1793 1378 con·

382 1417 470 1468 ventu
495 1415 557 1468 ord,
582 1410 748 1470 Servorum.

493 1580 592 1660 1075
982 1579 1042 1655 VI.
1073 1579 1196 1654 017.

382 1718 524 1781 membr.
548 1735 635 1780 saec.
659 1717 746 1780 XIV
764 1718 855 1796 (aule
877 1736 909 1778 a.
934 1717 1033 1798 1381)
1053 1717 1092 1801 ff.
1116 1719 1190 1792 259,
1212 1719 1389 1780 33·5-><22
1412 1737 1474 1781 cm.
1497 1718 1515 1779 1
1541 1736 1586 1778 m.
1680 1753 1686 1760 -

523 1840 555 1902 S.
580 1838 767 1918 Augustini
789 1837 962 1901 Homiliae
986 1838 1021 1898 in
1046 1839 1266 1917 evangelium
1290 1856 1317 1900 s.
1341 1838 1515 1902 iohannis
1538 1835 1656 1900 CXIV.

487 1929 520 1984 lo
544 1929 592 1989 fol.
618 1931 690 2000 259,
715 1945 822 2000 magna
845 1945 881 1983 ex
903 1935 984 1999 perte
1007 1937 1143 1986 truncato
1167 1931 1240 1985 haec
1256 1932 1372 1985 rubrica
1396 1931 1539 1985 occurrit:
1567 1928 1671 1984 »Liber
1686 1943 1790 1984 mona-

383 2019 463 2072 sterii
487 2019 594 2073 domus
618 2033 642 2074 s,
666 2016 772 2088 Egydli
796 2013 1007 2073 canonicorum
1039 2016 1216 2086 regularium
1238 2019 1268 2071 in
1293 2015 1443 2087 Vitignaw
1474 2017 1548 2071 alias
1578 2017 1608 2071 in
1632 2013 1789 2086 Trzyebon

383 2111 570 2175 comparatus
594 2119 645 2175 per
667 2103 781 2159 nobiles
813 2104 949 2159 dominos
974 2105 1009 2157 de
1033 2103 1212 2158 Rosemberk
1243 2105 1352 2174 primos
1375 2103 1468 2174 ipsius
1492 2102 1661 2158 monasterii
1684 2101 1791 2158 lunda-

384 2199 460 2247 tores
486 2208 512 2247 a.
538 2193 566 2247 d.
595 2192 705 2248 1381.‹
731 2189 842 2245 Deinde
865 2191 960 2244 codex
984 2196 1044 2245 erat
1069 2189 1139 2246 bibl.
1163 2189 1406 2261 Rosenbergicae,
1437 2205 1474 2244 ex
1496 2205 1555 2260 qua
1577 2191 1728 2245 restitutus
1745 2197 1789 2244 est

386 2278 566 2333 monasterio
589 2277 729 2349 praelato.

489 2444 586 2528 1076
976 2444 1040 2518 Vl.
1072 2442 1108 2518 C.
1137 2444 1197 2518 18.

388 2586 496 2648 chart.
521 2585 849 2666 a.1665-1693ff
874 2585 927 2660 66,
949 2583 1088 2646 33><2l
1114 2601 1177 2645 cm.
1205 2583 1237 2646 d.
1262 2601 1307 2645 m.

385 2705 561 2768 »Diarium
583 2705 736 2784 primum
766 2711 961 2768 conventus
984 2704 1108 2768 Matris
1131 2705 1322 2768 Dolorosae
1347 2707 1384 2768 in
1407 2707 1619 2770 Rabenstein
1652 2709 1788 2770 ordinis

582 2791 773 2856 Servorum
795 2791 832 2855 B.
856 2789 901 2854 Μ.
924 2791 967 2853 V.
990 2794 1032 2854 ab
1056 2809 1086 2854 a.
1113 2790 1195 2854 1665
1218 2809 1331 2870 usque
1354 2795 1398 2856 ad
1421 2812 1451 2856 a.
1478 2794 1590 2857 1693.·

487 2883 631 2952 (Diarium
655 2887 817 2938 secundum
833 2899 861 2940 v.
878 2881 941 2941 XII.
957 2883 993 2940 Α.
1012 2883 1040 2939 5.
1065 2882 1185 2938 Diarum
1209 2883 1342 2954 quintum
1366 2901 1394 2940 v.
1412 2884 1462 2940 Vl.
1486 2885 1520 2944 C.
1541 2886 1603 2958 16.)
1627 2885 1670 2941 Ex
1685 2887 1787 2941 eodem

383 2977 531 3026 conventu
555 2971 616 3026 ord.
641 2969 808 3027 Servorum.

491 3138 588 3220 1077
975 3136 1037 3216 VI.
1072 3137 1106 3214 C.
1135 3139 1196 3214 19.

382 3279 491 3339 chart,
515 3295 603 3340 saec.
627 3275 733 3340 XVII
738 3277 895 3340 -XVIII
902 3278 949 3359 ff.
974 3278 1027 3353 75,
1056 3280 1100 3342 32
1114 3281 1200 3341 ><22
1222 3298 1285 3342 cen.
1313 3279 1335 3340 2
1357 3299 1402 3342 en.

386 3399 556 3478 »Regulae
576 3399 743 3462 iuridicae
759 3416 804 3461 ex
819 3400 894 3461 iure
910 3400 1099 3475 communi,
1123 3401 1333 3479 municipali,
1356 3400 1563 3480 provinciali
1586 3403 1621 3463 et
1637 3401 1786 3464 novellis

384 3485 623 3549 declaratoriis
640 3503 720 3548 cum
734 3486 930 3549 rationibus
947 3487 1112 3549 decisivis
1128 3490 1321 3551 secundum
1335 3488 1558 3566 alphabetum
1590 3488 1783 3551 collectan«

487 3589 520 3650 In
543 3593 635 3650 fronte
660 3595 792 3650 eiusdem
815 3596 890 3651 tituli
914 3596 972 3650 alia
996 3611 1102 3650 manus
1126 3599 1298 3652 annulavit:
1326 3596 1566 3652 »Goldenkroner
1587 3596 1729 3653 Archiv.‹

492 3760 591 3843 1078
959 3761 1017 3838 VI.
1048 3761 1083 3840 C.
1111 3763 1164 3838 20
1178 3787 1213 3838 a.

384 3903 493 3964 chart.
517 3919 603 3964 saec.
627 3901 695 3964 XV
715 3906 746 3964 el
767 3901 907 3983 XVIff
930 3902 1006 3977 118,
1027 3905 1168 3967 32><21
1193 3922 1257 3967 cm,
1281 3904 1313 3965 cl.
1336 3921 1383 3965 m.

383 4023 513 4103 Hymni
537 4029 572 4085 et
595 4023 777 4087 cantiones
809 4023 904 4100 notis
935 4023 1081 4172 mtgsigis
1108 4025 1304 4172 'instructae
1339 4025 1469 4087 latinae
1500 4025 1626 4088 additis
1656 4025 1788 4104 aliquot

1001 4127 1021 4172 o
1049 4127 1180 4174 omres.

487 4213 508 4274 1.
533 4209 592 4273 32b
614 4213 788 4276 Johannis
812 4213 970 4277 Roderici
994 4233 1015 4276 a
1037 4214 1226 4278 Choterina
1255 4214 1376 4279 Oratio
1407 4215 1592 4280 dominica.
1638 4215 1787 4280 Carmen

383 4301 570 4362 iambicum
593 4300 780 4363 dimetrum
803 4318 833 4362 a.
859 4299 942 4363 1546
965 4302 1210 4380 compositum.

488 4404 508 4466 l.
533 4401 695 4465 831-931
718 4404 849 4484 Hymni
874 4407 936 4467 »de
960 4423 988 4470 s.
1011 4407 1174 4469 Johanne
1196 4407 1305 4483 Hus«,
1334 4425 1472 4487 quorum
1496 4413 1562 4468 tres
1586 4415 1664 4470 sunt
1687 4408 1786 4469 bohe-

384 4495 456 4552 mici
481 4483 600 4569 (Pisne
623 4507 646 4553 o
670 4509 723 4552 sv.
746 4490 838 4554 Janu
860 4491 1024 4572 Husovi).

488 4595 507 4656 i.
538 4590 739 4656 103b-104·
772 4587 877 4658 Piseir
911 4613 956 4658 na
995 4597 1064 4659 hod
1101 4591 1179 4660 boii
1214 4591 1367 4660 va'nodni
1403 4589 1565 4660 iastedni
1600 4597 1784 4660 snotami.

388 4681 584 4760 »Radugme
608 4697 648 4744 se
670 4681 834 4744 weselme
858 4699 926 4746 sc«

488 4788 581 4844 Partis
614 4792 718 4860 prioris
749 4790 856 4862 (usque
880 4793 917 4846 ad
941 4791 958 4848 1,
975 4791 1039 4860 ’59)
1063 4793 1150 4846 index
1181 4799 1318 4847 exaratus
1350 4795 1446 4848 estin
1470 4791 1608 4862 operculo
1639 4807 1736 4863 super.
1759 4799 1786 4846 et

384 4878 413 4932 iu
437 4876 455 4933 l.
485 4879 510 4931 l.
536 4875 675 4932 Codicem
709 4883 841 4932 nostrum
872 4893 984 4935 recens.
1008 4877 1032 4934 J.
1058 4874 1180 4948 lireielu
1212 4879 1262 4948 qui
1286 4877 1373 4933 etiam
1397 4879 1480 4934 initia
1503 4881 1673 4934 cantionum
1696 4893 1787 4950 popu-

384 4963 490 5018 larium
514 4963 731 5019 bohemicarum
755 4965 917 5036 exscripsit,
942 4947 1010 5021 Cas.
1034 4961 1112 5020 Mus,
1140 4965 1219 5021 1879
1244 4982 1272 5036 p.
1298 4965 1349 5034 45,
1373 4967 1480 5020 deinde
1502 4963 1646 5035 prolixius
1668 4963 1785 5030 Dreros,

384 5050 544 5105 Contiones
568 5051 683 5108 bohem.
707 5067 739 5121 p.
767 5051 815 5108 15.
861 5051 945 5106 Unde
969 5052 1063 5106 codex
1087 5052 1144 5122 hic,
1176 5067 1234 5122 quo
1258 5052 1383 5107 ecclesia
1414 5053 1559 5121 quaedam
1583 5050 1711 5107 husitica
1735 5053 1785 5106 diu

1062 5271 1112 5320 442
