3974 6014
860 621 902 682 39

180 833 344 909 perpetuis
369 829 589 906 suscipiendis
605 835 637 889 et
653 829 693 888 de
710 829 933 907 religiosorum
947 847 1084 892 numero
1100 831 1182 892 ultra
1197 831 1342 892 redditus
1359 837 1390 892 et
1405 839 1583 892 consuetas

180 919 398 978 eleemosinas
421 933 487 976 non
513 916 674 976 habendo.
699 913 737 976 D.
767 915 857 977 1625.

283 1002 304 1064 1.
328 997 385 1062 331
409 1001 516 1063 Dubia
538 1007 570 1062 et
592 1003 827 1063 declarationes
850 1003 973 1080 aliquot
996 1003 1036 1063 de
1060 1005 1275 1064 celebratione
1300 1009 1486 1065 missarum.

283 1089 304 1151 i.
329 1089 385 1150 37·
407 1088 581 1150 Decretum
609 1089 656 1150 15.
682 1089 751 1150 dec.
781 1088 861 1149 1633
886 1093 917 1150 in
940 1092 1081 1168 generali
1098 1095 1349 1168 congregatione
1366 1089 1398 1152 S.
1417 1090 1582 1152 Romanae

180 1183 214 1238 et
235 1175 438 1238 Universalis
462 1175 681 1254 Inquisitionis
704 1176 814 1236 habita
836 1176 998 1236 adversus
1022 1177 1217 1238 haereticam
1242 1182 1441 1255 pravitatem.

284 1263 305 1324 i.
328 1265 386 1323 41·
407 1262 457 1324 De
488 1264 683 1341 obligatione
715 1263 932 1334 denunciandi
965 1265 1146 1324 haereticos
1177 1265 1227 1324 uel
1259 1265 1300 1324 de
1323 1266 1450 1325 haeresi
1474 1265 1583 1325 leviter

180 1355 367 1428 suspectos,
400 1355 432 1410 et
454 1349 542 1427 quod
573 1354 605 1410 in
629 1353 763 1410 materia
785 1349 931 1410 haeresis
954 1367 1021 1411 non
1052 1351 1229 1411 admittitur
1251 1349 1391 1412 fraterna
1414 1355 1580 1418 correctio.

180 1438 346 1498 decretum
370 1453 480 1514 congr.
503 1453 577 1516 gen.
602 1437 632 1497 d.
661 1434 751 1497 1660.

284 1607 339 1688 37
782 1607 810 1682 I.
840 1608 885 1682 A.
912 1608 972 1684 28.

180 1749 288 1812 chart.
312 1765 399 1810 saec.
425 1745 495 1810 XV
508 1747 547 1831 ff
570 1747 817 1826 511131><21
841 1766 902 1809 cm.
927 1749 957 1810 d.
982 1768 1026 1810 m.

286 1872 306 1932 1.
335 1867 1170 1934 1·-23911011111111511111111111110011100)
1201 1871 1278 1950 (sict
1312 1887 1381 1945 seu,
1406 1877 1441 1932 ut
1463 1872 1484 1934 1.
1509 1871 1585 1933 237·

180 1960 370 2038 appellatur,
392 1958 566 2020 iohannis
588 1957 714 2020 Bonuli
738 1959 806 2020 ord.
832 1959 952 2036 praed,
976 1963 1031 2036 qui
1046 1959 1134 2037 apud
1151 1958 1332 2020 Fabricium
1348 1957 1585 2038 Bromyardus

180 2047 330 2124 vocatur)
353 2044 534 2108 Tractatus
557 2045 644 2106 iuris
667 2045 782 2108 civilis
811 2053 847 2106 et
873 2045 1032 2108 canonici
1048 2045 1209 2124 applicati
1234 2047 1277 2110 ad
1300 2043 1585 2108 informationem

183 2149 319 2195 morum
350 2138 386 2194 et
421 2133 465 2194 ad
500 2131 754 2196 correctionem
788 2131 956 2194 vitiorum
986 2131 1052 2210 (cui
1082 2132 1154 2193 alibi
1178 2131 1375 2192 inscribitur:
1405 2147 1494 2210 opus
1517 2135 1584 2195 dis-

180 2219 416 2298 tinctionum).
444 2217 626 2298 »Quoniam
639 2224 670 2280 in
690 2223 838 2297 sequenti
862 2224 1018 2280 tractatu«
1035 2221 1072 2296 ><
1091 2223 1142 2280 »in
1159 2235 1224 2297 quo
1241 2217 1350 2280 finitur
1365 2225 1541 2282 tractatus.
1557 2269 1584 2281 ..

181 2307 218 2368 11.
242 2306 402 2368 Johannis
426 2305 540 2366 Bonuli
565 2307 633 2367 ord.
658 2306 766 2384 pred«

286 2393 306 2453 i.
331 2393 531 2454 249-291·
560 2391 699 2454 Veteris
729 2391 942 2454 Testamenti
977 2391 1072 2452 libri:
1106 2391 1304 2467 Proverbia,
1339 2391 1584 2470 Ecclesiastes

183 2479 327 2542 Cantica
350 2481 577 2553 canticorum,
599 2478 702 2541 Liber
724 2479 927 2556 sapientiae,
951 2473 1230 2542 Ecclesiasticus

286 2567 306 2628 i.
330 2562 408 2628 2911
433 2565 543 2627 Oratio
566 2571 598 2627 in
622 2571 869 2628 consecratione
894 2567 1036 2643 lapidum
1062 2569 1294 2644 preciosorum.

286 2653 306 2714 i.
331 2651 531 2714 292·-510·
555 2653 742 2715 Sermones
776 2652 865 2714 varii
896 2651 975 2732 (tres
1006 2653 1226 2724 collectiones
1259 2668 1397 2730 quarum
1428 2668 1495 2712 una
1526 2669 1583 2712 vo·

182 2747 275 2802 catur
300 2739 561 2818 ›Contractus«).

286 2831 388 2886 Codex
412 2848 438 2887 a.
469 2831 547 2887 1669
571 2836 632 2886 erat
655 2829 838 2885 Residentiae
862 2829 892 2885 S.
917 2829 942 2884 J.
967 2831 1004 2885 ad
1027 2828 1149 2884 Matrem
1174 2829 1349 2884 Dolorosam
1373 2829 1430 2883 sub
1454 2827 1584 2900 Grupna.

286 2997 342 3078 33
369 2998 424 3080 39
786 2997 817 3073 I.
846 2995 891 3072 Α.
919 2997 979 3072 29.

185 3136 321 3203 Codices
351 3140 418 3200 drro
448 3139 555 3201 chart.
578 3156 665 3200 saec.
691 3135 756 3198 XV
780 3138 935 3198 diuersae
966 3135 1093 3216 speciei,
1118 3153 1210 3214 quos,
1236 3153 1314 3196 curn
1338 3135 1446 3196 altero
1474 3134 1501 3197 T
1499 3139 1583 3198 esta-

182 3231 332 3288 mentum
371 3225 476 3298 Vetus,
507 3225 614 3286 altero
638 3223 771 3286 Novum
803 3223 1022 3294 contineatur,
1054 3226 1091 3284 ut
1121 3222 1265 3297 videtur,
1293 3221 1482 3302 possessori
1514 3223 1585 3284 iam

183 3313 321 3392 antiqno
345 3313 381 3374 in
403 3331 509 3374 rrnrtm
533 3314 655 3392 corpus
677 3309 872 3373 Bibliorum
895 3311 1090 3371 coadunare
1113 3307 1218 3370 libuit.
1242 3307 1339 3370 Alter
1353 3307 1453 3382 (Test.
1480 3310 1586 3383 Vetus)

181 3399 245 3462 419
263 3399 302 3480 ff.
327 3417 419 3460 nrrnr.
444 3399 475 3460 d.
498 3415 543 3460 m.
568 3414 619 3459 ca.
643 3416 676 3458 a.
702 3397 795 3470 1412,
820 3397 907 3458 alter
930 3395 1029 3471 (Test.
1054 3393 1151 3474 Nov.)
1173 3395 1239 3457 263
1248 3393 1296 3476 ff.
1319 3395 1348 3457 1.
1365 3413 1410 3455 m.
1433 3395 1477 3457 30
1492 3396 1582 3473 ><21

182 3503 233 3547 cm
256 3503 344 3548 saec.
369 3483 438 3546 XV
455 3489 619 3546 exararus
640 3487 696 3547 est.

286 3608 359 3669 cod.
384 3624 405 3668 a
430 3605 551 3667 »Vetus
573 3605 823 3667 Testamentum
847 3621 922 3666 curn
939 3604 1262 3682 interpretacionibus
1280 3621 1337 3682 per
1352 3605 1460 3664 literas
1476 3605 1587 3682 alpha-

183 3695 246 3754 beti
272 3699 343 3756 sine
368 3693 596 3772 Propheticis.‹

287 3781 308 3842 1.
338 3775 489 3842 1·-3801
511 3775 773 3842 Testamentum
795 3775 907 3839 Vetus
930 3781 1068 3856 praeter
1091 3777 1199 3838 libros
1222 3776 1456 3854 propheticos.

288 3883 308 3944 l.
332 3878 389 3944 421
414 3883 495 3943 haec
519 3889 597 3943 nota
620 3886 774 3943 occurrit:
803 3881 959 3960 »Explicit
982 3882 1061 3941 liber
1083 3879 1225 3941 Genesis
1249 3880 1372 3941 1111111115
1396 3899 1453 3959 per
1469 3899 1587 3942 manus

182 3969 355 4032 iohannis
379 3969 493 4032 Lesslr
515 3975 546 4031 in
571 3969 623 4029 die
647 3967 706 4030 SS.
731 3967 851 4048 Cyrulli
875 3979 906 4029 et
929 3967 1062 4028 llletudii
1086 3967 1142 4028 ler.
1167 3965 1209 4027 IV
1232 3985 1260 4028 a.
1286 3968 1316 4028 d.
1345 3967 1426 4028 1412
1450 3976 1587 4029 vacante

185 4058 263 4118 sede
287 4075 345 4135 per
368 4063 504 4118 mortem
530 4057 560 4117 d.
585 4055 773 4134 Sbynconis
797 4057 937 4132 archiep.
964 4055 1054 4132 Prag.
1080 4055 1120 4114 de
1144 4052 1349 4132 Hasnburg.«

287 4160 308 4221 1.
332 4153 532 4222 3811-4191
554 4158 750 4237 Explicatio
772 4158 921 4220 hebraic.
946 4175 1072 4219 vocum
1095 4157 1136 4222 V.
1159 4156 1195 4219 T.
1220 4159 1340 4220 ordine
1367 4154 1585 4236 alphabetico

185 4249 409 4326 digestarum.

287 4335 361 4396 cod.
385 4335 416 4396 b.
441 4333 581 4395 Novum
604 4331 877 4394 Testamentum.

287 4438 308 4499 1.
337 4433 560 4498 111-6111111111
590 4443 620 4498 et
650 4437 734 4498 fines
767 4443 913 4497 textuum
946 4437 1019 4497 bibl.
1044 4437 1086 4496 ad
1111 4441 1232 4496 missas
1258 4453 1313 4514 per
1336 4441 1440 4496 totum
1464 4451 1587 4496 annum

187 4525 244 4601 legi
270 4526 449 4586 solitorum.

287 4628 309 4688 1.
336 4623 502 4689 8·-2631.
525 4627 775 4689 Testamentum
798 4625 927 4688 Nouum
951 4627 1149 4705 (integrum).

287 4734 415 4806 Uterque
437 4739 532 4792 codex
555 4736 625 4791 olim
642 4742 702 4790 erat
718 4736 788 4790 bibl.
813 4735 1053 4804 Rosenbergicae,
1066 4741 1099 4790 ut
1110 4737 1312 4789 demonstrant
1325 4735 1450 4789 insertae
1462 4735 1588 4788 schedae

188 4821 401 4890 Sadelerianae‚
424 4825 528 4878 deinde
552 4822 721 4878 monasterii
752 4839 817 4877 can.
846 4821 936 4892 regul.
961 4822 991 4876 S.
1015 4822 1091 4892 Aug.
1115 4819 1352 4890 Borovanensis;
1375 4820 1491 4875 Novum
1508 4819 1585 4876 Test.

188 4917 271 4964 antea
302 4907 420 4980 Georgii
452 4911 486 4964 de
518 4907 654 4964 Newsedl
677 4909 824 4964 altaristae
848 4908 901 4964 SS.
926 4908 1049 4979 Philippi
1072 4915 1099 4964 et
1122 4907 1224 4962 Jacobi
1248 4910 1278 4962 in
1301 4907 1458 4978 Budweys,
1490 4909 1536 4960 cul
1561 4923 1587 4963 a.

193 4997 269 5052 1485
294 4996 367 5051 liber
388 4997 502 5066 legatus
526 5002 585 5051 erat
609 5013 627 5050 a
650 4993 788 5066 Gregorio
812 4996 940 5066 quodam
966 4995 1072 5051 vicino.
1104 4995 1181 5049 Inter
1206 4995 1320 5050 thecam
1345 5001 1373 5048 et
1395 4995 1411 5048 1.
1443 4997 1452 5049 1
1481 4995 1547 5048 cod.
1571 5009 1589 5046 a

189 5083 246 5137 duo
269 5083 318 5138 101.
351 5085 470 5138 membr.
502 5089 580 5150 sunt,
612 5084 719 5154 quibus
751 5083 916 5138 continetur
939 5081 1153 5153 fragmentum
1176 5094 1362 5137 sermonum
1387 5078 1589 5152 quorundam

877 5301 893 5351 9
