3938 6010
930 692 940 698 -
1047 603 1128 664 1118

490 806 578 888 1118
997 808 1057 883 VI.
1087 807 1129 884 E.
1158 809 1216 883 46.

387 946 573 1009 membran.
597 965 684 1010 saec.
719 946 806 1009 XIV
826 947 868 1008 in.
890 947 929 1030 ff.
953 948 1027 1024 377,
1051 948 1226 1010 25·5><17
1250 964 1312 1009 cm.
1337 947 1368 1008 d.
1394 965 1438 1008 m.

386 1065 602 1129 Breviarium
626 1067 661 1129 in
685 1085 790 1130 usum
813 1067 1018 1130 monasterii
1042 1069 1075 1131 S.
1100 1068 1259 1132 Coronae
1283 1071 1513 1146 praecedente
1528 1067 1725 1130 calendario
1741 1071 1786 1140 (in

385 1169 451 1231 quo
475 1154 525 1216 26.
551 1155 633 1233 Aug.
659 1160 797 1216 occurrit
820 1163 898 1216 nota
921 1156 1083 1216 rubricata
1108 1154 1215 1216 »Obiit
1238 1156 1325 1218 dom.
1358 1153 1547 1217 Otbakarus
1571 1171 1628 1215 rex
1652 1154 1786 1216 Boemie

385 1239 538 1302 fundator
560 1259 587 1304 s.
612 1241 773 1314 Corone«,
798 1245 873 1302 item
897 1243 1050 1302 manibus
1074 1243 1307 1304 recentioribus
1331 1247 1475 1303 annotati
1493 1247 1572 1302 sunt
1587 1241 1658 1302 dies
1675 1243 1785 1302 obitus

802 1329 957 1389 abbatum
982 1330 1130 1390 eiusdem
1155 1327 1366 1405 monasterii).

488 1435 531 1490 Ex
556 1443 683 1493 monast.
711 1436 741 1492 S.
766 1437 910 1494 Coronae.

491 1586 581 1668 1119
1013 1587 1074 1662 VI.
1103 1587 1144 1662 E.
1173 1589 1227 1662 4ο.

386 1727 575 1788 membran.
598 1746 686 1791 saec.
710 1726 889 1812 XIIsXIII
902 1730 941 1812 ff.
965 1729 1029 1792 2311
1046 1735 1082 1810 1-
1096 1729 1125 1801 7,
1148 1729 1226 1790 236
1239 1733 1275 1806 ><
1292 1728 1334 1790 17
1359 1745 1421 1790 cna
1447 1728 1478 1788 d.
1495 1747 1539 1788 m.

385 1847 602 1911 Breviarium
626 1851 719 1913 notis
743 1852 900 1928 musicis,
923 1869 1011 1929 quae
1035 1853 1198 1914 dicuntur
1220 1866 1378 1926 neumae,
1414 1850 1623 1912 instructum
1647 1865 1787 1926 praece-

387 1934 489 1997 dente
514 1937 712 2001 calendario
735 1944 781 2013 (in
805 1957 871 2020 quo
896 1939 980 2001 festa
1004 1947 1108 2001 sanct.
1132 1938 1308 1998 Bohemiac
1334 1943 1458 2014 patron.
1484 1937 1646 1998 rubricata
1669 1952 1787 1996 occur-

1041 2025 1137 2103 runt).

494 2130 696 2187 Verisimiliter
718 2149 754 2188 ex
779 2149 856 2190 mon.
882 2133 913 2190 S.
939 2132 1066 2203 Georgii.

490 2333 584 2414 11211
1008 2334 1074 2412 VI.
1099 2335 1144 2412 E.
1168 2335 1204 2410 5.

391 2474 499 2536 chart.
524 2493 557 2538 a.
582 2477 668 2539 1636
680 2475 730 2555 ss.
753 2478 828 2554 296,
850 2477 993 2540 26><18
1014 2494 1077 2538 cm.
1100 2477 1118 2538 1
1144 2494 1188 2537 m.

383 2595 577 2659 Processus
601 2600 877 2661 canonisationis
901 2599 935 2660 S.
959 2597 1134 2662 Francisci
1157 2599 1199 2660 de
1223 2599 1340 2660 Paula.
1363 2597 1618 2658 Transsumtum
1652 2592 1693 2652 de
1727 2596 1786 2652 ori·

384 2685 545 2761 ginalibus
569 2689 599 2745 in
624 2695 787 2748 conventu
813 2685 846 2748 S.
870 2685 1036 2748 Trinitatis
1060 2687 1101 2746 de
1124 2684 1213 2748 Urbe
1237 2690 1268 2746 in
1292 2683 1405 2746 Monte
1429 2683 1538 2744 Pincio
1561 2682 1740 2741 asservatis
1755 2695 1783 2738 a.

388 2768 480 2846 1636,
504 2778 538 2831 ut
562 2771 726 2834 declarant
749 2781 911 2835 corrector
934 2780 965 2834 et
989 2777 1136 2834 seniores
1160 2773 1310 2834 eiusdem
1334 2776 1519 2832 conventus
1542 2773 1574 2829 in
1599 2766 1677 2827 folio
1697 2781 1785 2844 prae·

387 2861 482 2935 rigato
506 2862 613 2932 (cuius
638 2859 770 2919 dimidia
793 2877 868 2939 pars
893 2867 1002 2921 tamen
1026 2861 1178 2920 abscissa
1200 2863 1275 2931 est).

493 2965 525 3020 In
549 2969 651 3021 eodem
675 2968 724 3024 iol.
748 2975 882 3023 truncato
908 2975 1078 3022 annotatum
1102 2975 1162 3022 est:
1211 2967 1315 3022 »Hunc
1350 2967 1456 3022 librum
1491 2961 1727 3019 canonizationis
1760 2975 1783 3014 s.

386 3051 533 3108 Francisci
557 3057 591 3108 de
615 3053 705 3108 Paula
728 3055 927 3126 incorporavit
951 3058 1109 3110 conventui
1144 3053 1370 3124 (Paulanorum)
1415 3051 1446 3107 S.
1482 3050 1646 3108 Salvatoris
1669 3045 1784 3102 Veteris

385 3138 492 3208 Pragae
515 3139 549 3196 ir.
573 3137 699 3196 Michael
722 3139 846 3197 Lindich
870 3142 1085 3212 Corrpcinimgr
1107 3141 1145 3212 (i)
1170 3157 1196 3199 a.
1225 3141 1306 3197 1650
1329 3141 1376 3196 die
1403 3137 1440 3194 15
1466 3135 1674 3208 Septembris«

506 3341 570 3423 1121
988 3343 1046 3420 VI.
1074 3343 1117 3422 E.
1146 3347 1178 3419 6.

385 3483 493 3546 chart.
518 3501 604 3546 saec.
628 3484 697 3547 XV
703 3485 751 3568 ff.
774 3486 848 3560 385,
871 3485 1015 3548 22><14
1037 3503 1112 3561 cm„
1135 3484 1166 3546 d.
1191 3503 1235 3545 m.

517 3607 704 3670 Sermones
728 3608 770 3670 de
792 3612 949 3685 tempore
973 3607 1015 3669 ab
1037 3607 1190 3668 adventu
1212 3621 1324 3682 usque
1347 3604 1391 3665 ad
1413 3607 1651 3681 pentecosten.

488 3731 507 3792 i.
537 3734 569 3794 1⁶
597 3731 699 3795 »Cum
722 3735 1021 3810 appropinquaret.
1042 3779 1048 3789 .
1070 3776 1077 3790 .
1096 3726 1163 3791 Sed
1186 3731 1263 3806 quia
1285 3727 1349 3787 hoc
1365 3725 1602 3802 ewangelium·
1617 3723 1650 3777 ><
1664 3721 1686 3782 s.
1704 3718 1783 3782 385b

389 3817 449 3878 »ad
474 3819 670 3890 docendum,
694 3835 761 3880 non
785 3818 827 3879 ad
849 3819 974 3878 inutilia
997 3815 1247 3876 exercendum«

491 4024 571 4106 1122
983 4021 1041 4099 VI.
1070 4022 1113 4096 E.
1145 4021 1177 4097 7.

385 4165 572 4227 membran.
595 4182 682 4227 saec.
706 4163 793 4228 XIV
812 4166 903 4246 (anie
925 4185 958 4227 a.
982 4163 1080 4241 1361)
1096 4159 1146 4240 fs.
1170 4161 1244 4235 166,
1266 4158 1440 4221 23·6><16
1462 4175 1535 4230 cm„
1560 4155 1591 4217 d.
1615 4172 1659 4214 m.

874 4287 1062 4350 Sermones
1086 4285 1128 4346 de
1152 4281 1296 4344 sanctis.

495 4393 674 4450 Praecedunt
696 4397 755 4450 duo
778 4394 848 4450 folia
872 4409 931 4450 non
956 4408 1046 4462 num,
1071 4393 1101 4446 in
1117 4391 1224 4462 quibus
1241 4391 1338 4444 variae
1362 4394 1448 4442 notae
1473 4391 1551 4450 sunt,
1575 4386 1679 4439 ultima
1695 4385 1784 4438 baec:

388 4483 442 4538 »A.
467 4485 495 4537 d.
524 4482 635 4549 1361«,
659 4497 718 4552 quo
742 4495 821 4536 anno
844 4483 939 4536 codex
963 4479 1118 4534 absolutus
1141 4491 1207 4531 esse
1230 4475 1353 4531 videtur.
1389 4471 1423 4528 In
1445 4473 1503 4528 fine
1526 4472 1620 4526 ultimi
1644 4469 1786 4526 sermonis

387 4575 559 4624 annotatum
583 4574 627 4624 est
651 4583 757 4624 nomen
781 4567 964 4638 possessoris
996 4581 1073 4623 saec.
1098 4563 1176 4631 XIV,
1212 4563 1264 4617 sed
1288 4561 1344 4616 hoc
1368 4562 1497 4615 radendo
1520 4560 1562 4613 ita
1584 4559 1711 4613 deletum
1733 4563 1785 4622 est,

386 4661 417 4710 ut
440 4656 627 4712 solummodo
650 4656 706 4726 legi
740 4655 834 4726 possit
861 4653 962 4709 »Liber
984 4653 1101 4724 plebani
1124 4652 1155 4706 in
1180 4695 1185 4706 .
1213 4692 1219 4705 .
1245 4691 1251 4704 .
1276 4648 1348 4704 ica«
1396 4645 1585 4702 Sermonibus
1609 4659 1706 4714 super.
1730 4643 1785 4697 alia

386 4757 473 4797 manu
497 4743 600 4797 eodem
623 4757 701 4798 saec.
725 4747 849 4797 exeunte
873 4741 974 4796 addita
996 4747 1056 4795 est:

488 4842 508 4904 i.
537 4841 611 4903 165ι
634 4843 794 4916 (anepigr.)
818 4839 923 4902 Missa
944 4839 1039 4901 valde
1063 4837 1181 4899 etiicax
1204 4851 1280 4897 cum
1313 4834 1468 4912 precibus
1492 4833 1684 4893 bohemicis
1708 4819 1781 4890 Μέο

386 4949 408 4990 u
431 4927 547 4992 veliki
571 4928 675 4992 nouzi
690 4945 707 4990 s
725 4927 939 4990 modlitbami
962 4921 1130 5004 tesky'mi.
1158 4921 1239 4984 »Kto
1259 4921 1413 5000 weiykey
1436 4936 1522 4998 nvsy
1545 4922 1621 4979 iest«
1641 4917 1673 4973 Χ
1688 4916 1780 4975 »tako

386 5018 451 5078 boh
476 5017 571 5097 days
599 5013 753 5096 Sequitur

489 5103 509 5166 i.
538 5101 736 5165 165⁸-16b
758 5099 874 5164 Sermo
899 5101 939 5162 de
964 5099 1117 5162 omnibus
1141 5100 1274 5158 sanctis.

1061 5323 1113 5372 454
