4048 6012
950 553 1013 614 298

278 767 369 820 currit
390 782 496 821 nomen
520 768 703 836 possessoris
729 767 895 840 »Iohannis
923 768 959 822 de
983 765 1167 836 Nepomuk«‚
1202 765 1282 836 quod
1305 763 1443 818 monachi
1465 759 1679 830 Tiebonenses,

280 852 387 922 quibus
411 856 505 908 codex
529 861 632 923 postea
656 853 768 924 obtigit,
793 855 910 926 propria
941 869 1029 908 manu
1064 869 1089 910 s.
1124 851 1268 908 iohannis
1302 849 1500 922 Nepomuceni
1535 849 1677 920 scriptum

280 955 345 994 esse
368 939 414 1010 pie
438 949 705 1011 praesumpserunt,
729 947 761 996 ut
785 942 871 995 docet
894 939 997 996 titulus
1020 939 1203 994 extrinsecus
1226 937 1363 1008 operculo
1388 937 1599 1006 adglutinatus.

386 1105 465 1188 296
893 1107 922 1182 I.
953 1107 997 1181 G.
1025 1107 1085 1181 20.

279 1248 390 1308 chart.
414 1265 446 1310 a.
469 1247 558 1308 1725
566 1247 615 1328 ff.
637 1248 705 1310 155
727 1243 917 1328 (20-1-265
931 1245 1027 1328 pag.)
1058 1264 1162 1319 uum„
1185 1245 1327 1308 20><15
1346 1263 1409 1308 cru.
1432 1245 1450 1306 1
1476 1263 1521 1306 ur.
1555 1241 1684 1320 Magna

276 1337 365 1414 pars
387 1335 477 1396 tituli
499 1335 615 1395 evrrlm
638 1339 695 1408 est,
718 1335 777 1397 sed
801 1337 879 1396 cu'm
903 1334 1143 1395 characterum
1166 1333 1309 1412 vestigia
1331 1334 1366 1394 iu
1380 1331 1472 1410 folio
1489 1331 1684 1412 praeligato

283 1421 418 1482 iuoersa
440 1421 617 1500 supersint,
633 1419 743 1500 facile
765 1421 958 1482 restituitur
981 1423 1010 1480 et
1032 1423 1079 1482 est
1102 1420 1175 1481 hic:

387 1540 481 1601 Liber
504 1541 572 1603 XII.
597 1545 821 1622 complectens
845 1546 1000 1620 copiosas
1024 1541 1259 1621 QuaestIones
1293 1558 1333 1604 ac
1356 1541 1507 1619 desuper
1539 1537 1682 1601 Resolu-

282 1629 474 1690 tiones...
498 1635 638 1706 patrum
661 1629 875 1708 generalium
897 1645 938 1690 ac
961 1628 1186 1690 visitatorum
1208 1627 1375 1691 collectus
1409 1645 1450 1690 ac
1473 1626 1582 1688 altera
1604 1625 1682 1689 vice

281 1715 480 1792 descriptus
503 1732 567 1793 per
588 1715 623 1778 1⁴¹.
649 1718 814 1779 Carolum
837 1709 997 1778 Piseizlsi
1019 1715 1192 1778 cartusiae
1211 1714 1448 1778 Waldiccnsis
1471 1713 1682 1792 professum.

387 1818 406 1880 f.
431 1815 468 1880 3b
491 1825 535 1893 (in
558 1825 613 1878 fine
638 1824 826 1896 praelationis
850 1825 887 1878 ad
919 1823 1080 1878 confratres
1111 1823 1310 1893 cartusianos)
1347 1817 1488 1896 »Scripsi
1520 1837 1550 1882 a.
1588 1813 1680 1887 1725,

202 1913 204 1918 “
282 1922 348 1983 quo
372 1923 459 1966 anno
483 1911 514 1967 in
539 1908 650 1970 charta
673 1909 801 1986 capituli
825 1907 985 1985 generalis
1010 1907 1201 1968 mandatum
1218 1905 1291 1966 luit:
1317 1905 1355 1967 D.
1373 1903 1512 1968 Carolus
1532 1900 1679 1966 Piseczki

284 1996 424 2054 sicarius
448 1994 547 2054 vadat
569 1995 611 2054 ad
636 1995 772 2055 domum
796 1992 1015 2056 Gidlensem.«

388 2098 489 2155 Codex
513 2101 560 2156 hic
583 2118 649 2156 cum
674 2107 823 2174 sequente,
847 2115 905 2171 quo
929 2101 1002 2155 liber
1024 2099 1059 2160 II.
1084 2103 1258 2168 continetur,
1284 2107 1311 2154 et
1334 2115 1401 2155 cum
1422 2101 1488 2155 cod.
1505 2096 1569 2155 XII.
1587 2097 1621 2154 D.
1643 2098 1679 2154 17

282 2189 320 2240 ad
345 2189 491 2257 quandam
524 2189 725 2244 collectionem
750 2188 888 2244 maiorem
912 2194 1055 2258 spectant,
1079 2203 1166 2259 quem
1189 2187 1255 2244 Car.
1281 2185 1405 2258 Piseclry'
1427 2201 1479 2256 pro
1496 2183 1680 2240 Certusienis

282 2273 417 2330 coniecit.

389 2441 467 2524 297
902 2443 930 2517 Ι.
961 2443 1005 2518 G.
1033 2441 1095 2516 21.

281 2581 394 2642 crare.
417 2599 450 2642 a.
474 2580 691 2644 noc-1718
701 2582 749 2664 ff
774 2583 839 2644 158
861 2581 1027 2666 <resecr
1043 2581 1109 2662 pp),
1132 2582 1307 2646 ros><rc
1328 2599 1390 2644 cm.
1414 2581 1432 2644 r
1458 2600 1504 2647 m.

394 2702 508 2764 »Liber
529 2703 572 2765 ll*
597 2705 819 2782 complectens
843 2711 952 2783 partes
983 2704 1168 2766 sex-Pars
1198 2704 1219 2766 I.
1242 2702 1402 2781 Epistola
1431 2713 1467 2767 et
1496 2703 1683 2766 instructio

284 2805 347 2868 pro
371 2789 515 2851 novitiis
538 2791 612 2852 ord.
635 2789 728 2852 Cart.
764 2792 910 2854 authore
932 2790 1084 2854 Henrico
1107 2791 1149 2852 de
1173 2789 1369 2854 Cosvaldie.
1401 2791 1480 2852 Pars
1502 2790 1537 2854 11.
1569 2790 1683 2870 Colly-

285 2875 375 2937 rium
397 2876 615 2940 instabilium
637 2881 784 2940 authore
806 2878 993 2940 Ambrosio
1016 2877 1125 2942 Maes.
1145 2879 1223 2940 Pars
1245 2877 1293 2940 III.
1317 2879 1480 2956 Excerpta
1503 2895 1544 2938 ex
1568 2895 1683 2940 menu-

286 2967 413 3041 scriptis
448 2965 560 3025 libellis
599 2965 640 3025 de
678 2966 860 3026 stabilitatis
897 2969 930 3026 in
954 2965 1054 3026 domo
1086 2965 1301 3044 professionis
1335 2970 1479 3026 materia.
1526 2965 1605 3026 Pars
1628 2961 1680 3026 IV.

283 3049 439 3126 Torpedo
461 3051 732 3114 christianorum
756 3051 1060 3130 impoenitentium
1083 3055 1228 3114 authore
1250 3050 1396 3114 Matthia
1418 3052 1570 3115 Mittner.
1605 3051 1683 3112 Pars

285 3136 323 3200 V.
347 3137 534 3214 Speculum
556 3138 748 3200 modestiae
772 3138 1002 3201 Cartusianae
1025 3140 1171 3201 authore
1193 3139 1326 3200 eodem.
1346 3139 1488 3203 ParsVl.
1511 3137 1685 3212 Excerpta

286 3240 331 3285 ex
353 3223 540 3285 Academia
563 3223 776 3287 Cartusiana
797 3227 943 3287 authore
967 3226 1091 3288 eodem
1119 3260 1150 3269 -
1179 3227 1334 3286 collectus
1358 3232 1390 3286 et
1413 3231 1553 3304 scriptus
1570 3231 1684 3304 partim

287 3310 433 3370 Gemnici
458 3317 572 3388 partim
596 3311 745 3372 Waldicii
766 3359 772 3372 .
793 3359 799 3372 .
820 3361 826 3373 .
846 3330 903 3391 per
925 3311 959 3374 F.
985 3313 1150 3374 Carolum
1172 3307 1329 3374 Pisedzki
1345 3313 1434 3387 (linis
1451 3314 1530 3374 tttuli
1548 3313 1683 3373 evulsus

288 3400 360 3473 cst).
385 3397 478 3461 (Pars
502 3397 522 3462 I.
546 3398 637 3458 finita
660 3398 807 3459 Gemnici
831 3399 861 3462 8.
883 3399 940 3478 jul.
970 3399 1060 3468 1706,
1085 3417 1161 3478 pars
1185 3399 1219 3461 lI.
1244 3399 1364 3460 ibidem
1402 3400 1449 3463 15.
1481 3401 1551 3462 dec.
1592 3397 1682 3472 1706,

287 3501 363 3561 pars
386 3483 437 3545 IV.
466 3484 513 3545 17.
539 3491 630 3546 mart.
659 3485 739 3546 1712
763 3485 922 3560 Waldicii‚
947 3503 1023 3564 pars
1046 3485 1084 3545 V.
1109 3486 1228 3546 ibidem
1256 3487 1282 3546 l.
1306 3503 1373 3565 apr.
1410 3487 1500 3561 1712,
1531 3485 1583 3550 VI.
1608 3502 1683 3565 pars

287 3569 434 3630 Gemnici
458 3571 509 3635 28.
534 3589 600 3650 apr.
629 3571 735 3647 1708.)

390 3673 411 3737 t.
439 3673 607 3735 136-158
630 3673 854 3737 Ordinarium
878 3693 941 3738 seu
965 3676 1078 3738 torma
1099 3693 1163 3754 pro
1193 3676 1344 3754 capitulo
1374 3676 1528 3754 generali
1552 3675 1684 3738 ordinis

287 3759 526 3822 Certusiensis
551 3807 558 3822 .
584 3809 589 3820 .
616 3810 622 3822 .
647 3762 860 3841 descriptum
883 3780 904 3824 a
925 3763 960 3825 F.
985 3762 1111 3826 Carolo
1134 3763 1291 3825 Ptseczki
1314 3768 1471 3824 vicarium
1495 3769 1526 3824 in
1544 3767 1685 3824 cartusie

287 3847 431 3907 Paradisi
456 3848 485 3910 b.
510 3847 548 3908 V.
573 3847 615 3910 ll.
641 3867 741 3927 prope
765 3848 958 3910 [lentiscum
983 3867 1042 3912 seu
1066 3850 1239 3911 Gedanum
1263 3869 1292 3914 a.
1319 3847 1411 3924 1718,
1436 3866 1510 3910 cum
1535 3850 1684 3927 catalogo

265 3933 525 4012 'provinciarum
551 3941 582 3995 et
605 3937 778 3998 domorum
803 3937 871 3996 ord.
897 3935 1118 3998 Certusiensis
1148 3941 1313 3998 annotatis
1344 3941 1439 3998 annis
1472 3936 1682 3997 fundationis,

390 4041 423 4096 ln
446 4041 495 4098 iol.
520 4043 657 4114 operculo
681 4061 778 4114 super.
804 4045 932 4114 adligato
957 4046 1053 4100 scriba
1070 4047 1269 4115 necrologium
1289 4045 1481 4100 celebriorum
1497 4046 1683 4116 quorundam

283 4127 528 4184 Certusianorum
552 4131 735 4202 conscrIpsit.
759 4131 844 4186 Initio
869 4133 942 4202 part.
966 4130 987 4187 I.
1026 4133 1155 4202 adligata
1178 4139 1222 4187 est
1245 4133 1361 4202 sculpta
1394 4134 1493 4201 imago
1534 4131 1681 4186 cartusiae

287 4213 609 4286 Gertrudenbergensis.
635 4217 660 4288 ¹¹)
677 4217 865 4273 Collectionis
896 4219 983 4272 huius
1014 4219 1120 4274 librum
1143 4217 1179 4275 X.
1205 4233 1238 4275 v:
1262 4217 1324 4273 XII.
1349 4218 1383 4275 D.
1412 4218 1459 4274 17.
1486 4217 1679 4273 Collectionis

287 4302 375 4356 huius
397 4303 502 4357 librum
525 4301 587 4359 XII.
611 4319 645 4358 v:
670 4303 691 4360 I.
709 4304 742 4360 G.
770 4305 819 4360 20.
843 4303 887 4358 Ex
910 4306 1038 4360 cartusie
1062 4305 1244 4362 WaldIcensi
1267 4306 1317 4376 ().
1600 4318 1602 4322 ·

392 4487 472 4571 298
908 4491 936 4565 J.
967 4492 1011 4566 G.
1039 4493 1100 4565 22.

288 4627 399 4688 chart.
422 4625 599 4690 saec.·XV
612 4627 652 4710 ff.
676 4629 738 4691 101
764 4632 1065 4709 rtrrm.‚21·5><15
1086 4651 1148 4694 cru.
1172 4633 1190 4695 1
1216 4651 1260 4694 ur.

393 4747 579 4810 Sermones
609 4749 699 4810 varii
730 4751 784 4824 (de
816 4752 1025 4814 consessione
1057 4763 1088 4814 et
1118 4759 1324 4832 poenitentia,
1358 4770 1416 4832 pro
1448 4753 1621 4828 defunctis
1646 4753 1686 4813 de

290 4851 385 4894 sacro
409 4836 495 4895 cultu
520 4835 644 4896 dierum
668 4836 837 4910 festorum,
862 4839 902 4899 de
927 4845 1122 4918 purgatorio
1147 4842 1187 4902 de
1204 4842 1406 4903 honorandis
1423 4841 1621 4920 parentibus
1646 4840 1686 4900 de

289 4923 526 4982 immortalitate
549 4926 687 4994 animae,
712 4941 770 5002 pro
794 4925 957 4986 defunctis
988 4933 1048 4988 etc.
1073 4934 1133 4992 etc.
1178 4965 1221 4972 -
1266 4927 1434 5006 Opuscula
1464 4929 1545 4988 haec
1578 4931 1686 5005 potius

290 5008 479 5069 tractatulos
503 5025 601 5088 quam
626 5027 800 5072 sermones
825 5013 975 5086 diceres).

969 5238 1013 5287 131
1558 5224 1585 5276 9·
