3974 6014
878 577 920 637 45

304 781 359 861 42
803 783 832 858 I.
862 787 911 858 A.
938 784 1001 858 32.

202 924 309 984 chori.
332 939 365 982 a.
389 920 472 984 1451
491 921 531 1002 ff.
556 923 606 996 71,
630 922 669 984 41
686 923 774 984 ><28
797 941 859 984 cin.
885 925 903 985 1
930 942 973 984 m.

266 1044 544 1108 constitutiones
568 1043 758 1106 Clementis
781 1062 813 1123 p.
833 1043 861 1105 V
885 1061 964 1106 cum
987 1050 1156 1122 apparatu
1179 1045 1352 1107 lobannis
1375 1047 1541 1106 Andreae.

309 1132 330 1194 f.
359 1133 389 1191 l·
408 1133 482 1212 (lnc.
499 1151 598 1206 appar.
611 1129 631 1207 :)
660 1131 846 1192 »lohannes
861 1136 1047 1210 graciosum
1064 1134 1127 1193 hoc
1144 1150 1283 1193 nomen«
1303 1139 1363 1194 etc.
1380 1135 1455 1204 (lnc.
1472 1135 1601 1204 textusz)

206 1218 418 1299 »(J)ohannes
442 1222 617 1296 episcopus
653 1217 776 1280 Servus
808 1235 978 1278 servorum
1010 1219 1061 1278 dei
1091 1220 1216 1280 dilectis
1246 1219 1319 1279 liliis
1353 1219 1541 1280 doctoribus
1566 1227 1598 1278 et

203 1306 382 1367 scolaribus
405 1309 566 1365 universis
589 1305 731 1366 bononie
754 1307 1052 1366 commorantibus«
1079 1313 1139 1366 etc.
1165 1309 1197 1362 ><
1220 1306 1241 1367 i.
1267 1301 1322 1366 71b
1343 1308 1441 1386 (Expl.
1466 1325 1566 1380 appar.
1578 1309 1599 1380 z)

205 1391 344 1454 »Natura
366 1408 444 1452 vero
468 1398 623 1452 naturans
654 1409 729 1453 cum
757 1393 799 1451 ad
831 1394 914 1452 illam
946 1393 1124 1452 redibimus
1156 1410 1213 1470 per
1246 1397 1516 1453 intercessionem
1541 1396 1601 1451 vir-

202 1484 285 1558 ginis
315 1481 454 1556 gloriose
484 1495 546 1539 nos
570 1480 706 1539 collocet
735 1495 811 1538 cum
828 1481 937 1538 electis
954 1479 1069 1539 Amen.
1098 1479 1174 1539 1451
1202 1479 1404 1542 Leonardus
1425 1478 1598 1539 Hubner.«

310 1569 429 1624 Schulte
452 1569 518 1638 (Die
541 1584 647 1624 canon.
677 1568 827 1624 Handsch.
858 1585 886 1639 p.
912 1569 966 1637 23)
997 1570 1063 1624 cod.
1095 1577 1228 1624 nostrum
1251 1577 1362 1640 praeter
1391 1585 1450 1625 rem
1475 1583 1602 1623 comme-

203 1664 296 1712 morat
318 1657 392 1711 inter
414 1654 454 1710 M.
480 1654 510 1712 S.
536 1655 621 1710 »libri
644 1657 718 1710 sexti
741 1655 886 1711 Bonifacii
909 1655 1006 1710 vill«
1031 1655 1063 1710 In
1094 1672 1190 1727 opero.
1214 1656 1295 1713 inser.
1328 1656 1504 1711 intrinsecus
1529 1656 1602 1709 haec

203 1751 272 1798 nota
295 1744 437 1798 occurrit:
465 1741 540 1796 »Iste
563 1742 635 1798 liber
657 1749 702 1796 est
725 1742 894 1798 monasterii
918 1743 947 1796 in
979 1743 1088 1798 ilorbos
1119 1743 1257 1814 (Forbes)
1287 1759 1368 1813 prag.
1404 1743 1515 1799 dioces.
1551 1744 1604 1797 do·

204 1837 290 1885 natus
313 1844 365 1900 per
387 1829 533 1898 egregium
556 1831 706 1884 doctorem
745 1829 898 1884 dominum
921 1828 1131 1884 wenceslaum
1156 1831 1191 1884 de
1215 1829 1395 1900 Budways.«
1443 1828 1476 1884 In
1502 1843 1601 1899 operc.

203 1932 298 1987 super.
332 1915 509 1970 intrinsecus
539 1915 722 1985 agglutinata
752 1917 861 1971 scheda
893 1915 1083 1970 Sadeleriana
1105 1920 1286 1972 demonstrat
1309 1916 1441 1972 codicem
1467 1932 1492 1971 a.
1523 1915 1602 1970 1609

204 2003 292 2058 luisse
316 2002 386 2059 bibl.
410 2002 654 2072 Rosenbergicae.

307 2169 365 2249 43
812 2169 841 2246 l.
870 2169 916 2244 A.
943 2171 1005 2244 33.

204 2310 391 2371 membran.
416 2327 448 2370 a.
473 2309 559 2371 1388
568 2309 614 2392 ff.
638 2309 712 2384 227,
734 2309 878 2371 aalma
901 2327 960 2371 cm.
985 2311 1002 2372 l
1028 2328 1073 2372 m.

330 2431 483 2492 Thomae
507 2431 548 2492 de
573 2433 710 2510 Aquino
733 2433 897 2494 Summae
920 2432 1137 2511 theologicae
1160 2433 1273 2511 prima
1296 2433 1478 2494 secundae.

312 2518 333 2579 l.
361 2519 392 2578 1·
417 2517 547 2596 »Incipit
570 2521 718 2580 secunda
741 2537 815 2598 pars
840 2537 969 2580 summe
1006 2521 1166 2598 theologie
1201 2521 1287 2580 edite
1317 2519 1454 2580 alratre
1478 2517 1539 2578 Th.
1565 2517 1605 2577 de

205 2607 265 2684 Aq.
290 2604 375 2684 Quia
397 2609 481 2666 sicut
504 2604 733 2666 Damascenus
758 2607 862 2667 dicit«
889 2609 922 2666 ><
946 2606 966 2667 f.
991 2606 1068 2666 227·
1116 2606 1318 2685 »Expliciunt
1341 2606 1481 2684 capitula
1504 2609 1605 2682 prime

205 2697 304 2770 partis
328 2692 463 2752 secundi
487 2693 555 2752 libri
578 2691 683 2753 fratris
706 2691 834 2754 Thome
860 2695 900 2754 de
924 2695 1083 2771 Aquino«

312 2777 333 2839 l.
357 2773 435 2838 22‘ll
458 2779 559 2850 (manu
584 2783 715 2838 eiusdem
739 2785 852 2838 scribae
876 2784 1054 2838 rubricatum
1066 2784 1087 2854 z)
1115 2780 1227 2840 »Liber
1243 2783 1430 2840 monasterii
1447 2775 1480 2839 S.
1498 2777 1603 2855 Egidli

205 2869 435 2926 canonicorum
474 2867 665 2942 regularium
704 2871 735 2926 in
773 2865 951 2944 Witignaw
973 2867 1054 2926 alias
1077 2871 1109 2926 in
1132 2865 1284 2927 Trzebon
1309 2871 1518 2943 comparatus
1550 2881 1607 2942 per

206 2953 330 3100 [ιιὲξὲεε
354 2951 507 3012 dominos
530 2952 570 3011 de
595 2951 797 3030 Rosemberg
819 2958 941 3031 primos
964 2957 1069 3032 ipsius
1092 2957 1280 3014 monasterii
1304 2952 1495 3013 fundatores
1520 2969 1549 3011 a.
1574 2951 1605 3012 d.

312 3128 348 3184 A.
377 3129 457 3184 1609
481 3129 575 3184 codex
598 3136 659 3184 erat
692 3129 763 3187 bibl.
787 3129 1018 3200 Rosenbergicae
1042 3128 1251 3196 Thebonensis
1276 3129 1382 3184 deinde
1405 3129 1509 3184 iterum
1540 3143 1604 3181 mo-

208 3215 328 3270 nasterii
349 3215 479 3286 praelati.

310 3381 371 3461 44
815 3384 845 3458 l.
874 3384 920 3459 Α.
948 3385 1008 3458 tl.

207 3525 314 3585 chart.
336 3537 424 3582 saec.
448 3522 517 3584 XV
536 3541 581 3584 ex.
594 3523 641 3606 ff.
665 3524 738 3596 524,
762 3525 902 3586 30><21
928 3543 991 3586 cna
1016 3526 1034 3586 1
1059 3544 1103 3586 m.

292 3643 465 3706 Johannis
489 3646 531 3706 de
552 3645 714 3707 Hisdinio
737 3645 884 3708 Lectura
906 3646 983 3707 sive
1006 3645 1152 3708 Postilla
1167 3661 1273 3722 super
1295 3645 1421 3705 librum
1443 3643 1521 3706 Job.

316 3731 336 3790 f.
366 3729 396 3788 l·
422 3730 725 3793 »Reverendissimo
749 3738 780 3794 in
805 3732 934 3794 Christo
958 3737 1037 3811 patri
1072 3750 1111 3793 ac
1135 3733 1165 3792 d.
1191 3732 1221 3791 d.
1246 3730 1389 3792 Guidoni
1414 3732 1454 3791 de
1471 3730 1608 3791 Boionia

207 3819 257 3879 dei
281 3816 489 3896 providencia
512 3824 667 3898 episcopo
692 3820 860 3880 Portuensi
885 3827 916 3880 et
950 3825 1159 3880 sacrosancte
1194 3817 1286 3879 Rom.
1322 3819 1409 3879 Eccl.
1445 3816 1607 3880 Cardinali

207 3905 302 3966 frater
334 3905 361 3965 J.
398 3904 438 3964 de
468 3904 593 3970 H...‹<
629 3909 660 3964 ><
691 3907 711 3968 l.
735 3908 814 3967 524ι
847 3911 941 3984 »quia
964 3912 994 3966 in
1020 3908 1071 3966 illa
1094 3907 1310 3966 translacione
1334 3909 1538 3982 corriguntur
1561 3921 1608 3964 er-

208 4009 329 4052 rores«.

315 4081 347 4136 In
371 4083 501 4152 margine
523 4085 634 4154 passim
657 4085 775 4154 glossae
805 4085 920 4139 bohem.
953 4097 1079 4137 coaevae
1103 4083 1162 4150 (ex.
1195 4097 1236 4150 gr.
1276 4081 1294 4139 l.
1314 4083 1363 4148 80,
1388 4081 1439 4136 ubi
1462 4081 1610 4150 glossator

208 4175 336 4240 exoptat,
360 4177 392 4225 ut
416 4171 572 4226 inducatur
594 4171 846 4242 archiepiscopus)
871 4177 1036 4225 occurrunt.
1067 4167 1099 4222 ln
1123 4168 1214 4223 fronte
1237 4167 1255 4224 f.
1287 4168 1320 4222 1:
1370 4167 1480 4222 »Istum
1503 4167 1609 4221 librum

208 4257 286 4312 dedit
309 4272 360 4326 pro
384 4259 564 4312 monasterio
588 4256 618 4314 S.
642 4256 732 4312 Marie
756 4263 784 4312 et
806 4257 836 4313 S.
862 4255 959 4310 Caroli
982 4257 1012 4310 in
1036 4255 1120 4310 Nova
1143 4254 1234 4325 Praga
1250 4253 1391 4310 Nicolaus
1408 4257 1503 4309 dictus
1528 4253 1610 4308 Flas·

210 4350 289 4398 calor
322 4345 357 4397 de
381 4342 466 4398 Telcz
497 4359 523 4400 a.
552 4344 663 4401 1520.«
689 4344 756 4398 Alia
789 4358 895 4398 manu:
939 4341 999 4397 »Ex
1029 4343 1110 4397 libris
1144 4343 1286 4396 canoniae
1311 4341 1510 4396 Carloviensis
1534 4339 1611 4394 Neo-

209 4429 346 4500 pragae«

312 4597 369 4677 45
814 4596 844 4671 I.
874 4598 919 4671 A.
948 4598 1008 4671 35.

211 4737 315 4799 chari.
338 4753 425 4798 saec.
449 4735 571 4817 XVff
594 4737 669 4808 302,
693 4737 736 4798 29
750 4738 835 4798 ><22
858 4755 921 4799 cm.
946 4738 977 4798 d.
1001 4754 1047 4800 m.

317 4858 337 4920 l.
366 4852 496 4918 1·-96δ
519 4855 689 4933 (Maurieii
711 4857 828 4936 Angli)
853 4857 1101 4919 Distinctiones
1124 4857 1365 4935 exemplorum
1388 4855 1472 4917 novi
1495 4863 1530 4916 et
1552 4872 1613 4917 ve-

211 4945 294 5006 teris
316 4943 519 5006 testamenti
542 4945 732 5006 secundum
755 4943 913 5005 ordinem
937 4944 1119 5021 alphabeti.
1158 4945 1390 5004 »Abstinencia
1425 4949 1476 5004 est
1510 4947 1611 5004 meriti

214 5037 471 5109 augmentativa«
502 5035 531 5087 ><
556 5031 675 5106 (zelus)
703 5036 756 5090 »ut
779 5036 1028 5109 persequeretur
1050 5032 1255 5091 christianos,
1280 5032 1350 5091 Act.
1379 5030 1446 5090 14.«

896 5257 923 5304 11
