3974 6014
1037 544 1080 604 94

461 750 518 831 M
983 749 1139 826 [Gi

315 899 317 904 '
357 892 466 952 chart.
489 909 576 952 saec.
601 889 669 952 XV
677 890 724 972 ff.
746 891 822 964 219,
850 890 993 954 28><19
1017 909 1080 952 cm.
1113 891 1234 952 litteris
1256 889 1456 952 minusculis
1488 890 1532 951 ab
1559 907 1626 950 nito
1647 889 1763 950 scriba

357 978 409 1055 (ut
431 979 566 1040 videtur
587 977 622 1038 ia
644 975 996 1056 italia-Florentiaei)
1013 978 1247 1058 pereleganter
1261 979 1425 1038 exaratus
1440 979 1470 1036 et
1485 975 1622 1038 duabus
1642 976 1764 1037 litteris

358 1064 549 1126 initialibus
576 1061 614 1143 (f.
639 1065 656 1128 1
683 1067 712 1124 et
735 1064 812 1142 110)
837 1064 936 1144 pictis
966 1069 995 1126 et
1018 1064 1196 1126 deauratis
1224 1080 1284 1124 aec
1305 1081 1372 1124 non
1395 1063 1586 1125 initialibus
1608 1063 1760 1124 ornninm

359 1151 579 1231 epistolarum
602 1151 790 1213 rubricatis
812 1155 1002 1212 exornatas.

462 1271 582 1352 Poggii
604 1271 820 1348 Bracciolini,
842 1271 920 1339 Joh.
944 1271 1075 1348 Franc,
1099 1272 1286 1350 Epistulae.

461 1375 482 1436 1.
511 1378 537 1437 1.
573 1376 734 1454 »Poggius
766 1377 935 1454 plurimam
968 1379 1106 1438 salutem
1140 1377 1216 1438 dicit
1238 1375 1428 1437 Reverendo
1453 1379 1533 1454 patri
1557 1391 1631 1436 meo
1655 1373 1764 1436 Loisio

360 1464 606 1542 archiepiscopo
641 1462 826 1524 Florentino
830 1489 955 1524 .....
980 1464 1000 1526 1.
1029 1462 1105 1525 1091
1128 1464 1322 1542 (Perscripta
1346 1465 1540 1524 brevissima
1562 1463 1700 1540 epistola
1722 1462 1765 1523 ad

360 1547 529 1609 Nicolaum
563 1549 745 1610 Lucenscm
781 1549 858 1610 data
868 1556 890 1624 :>
928 1549 1040 1612 »etim
1074 1551 1184 1629 Poggii
1215 1549 1388 1611 Florentini
1422 1552 1559 1610 oratoris
1594 1549 1765 1609 clarissimi

361 1637 570 1714 epistolarum
605 1637 683 1697 liber
713 1636 845 1697 feliciter
875 1641 1033 1716 explicit«
1067 1637 1148 1712 (Sed
1178 1653 1291 1698 revera
1322 1653 1389 1697 non
1424 1637 1563 1713 explicit,
1595 1636 1656 1696 sed
1687 1642 1763 1714 post

361 1739 463 1783 unum
495 1721 548 1784 fol.
579 1740 722 1784 vacuum
754 1724 911 1802 epistolae
942 1742 1038 1804 porro
1070 1729 1246 1786 tractantur
1276 1727 1357 1796 sici)
1381 1723 1402 1784 1.
1431 1721 1507 1784 110²
1533 1721 1595 1782 »Mi
1618 1721 1764 1796 Ricarde,

361 1809 456 1870 binas
487 1813 551 1870 iam
583 1814 688 1888 recepi
719 1827 740 1872 a
769 1815 800 1870 te
832 1811 1063 1873 litteras.‹><l.
1089 1807 1169 1872 219b
1199 1811 1394 1888 (Perscripta
1426 1809 1564 1888 epistola
1587 1811 1701 1870 ultima
1723 1811 1766 1870 ad

362 1895 572 2040 Franciscum
611 1895 849 1958 Marescalcum
888 1897 1126 1960 Ferrariensem
1165 1897 1241 1958 data
1279 1896 1458 1958 Florentiae
1496 1894 1538 1955 Vl
1569 1895 1639 1956 Kal.
1671 1895 1767 1970 Jul.:)

365 2004 399 2041 »τ
433 2001 497 2042 ΜΛ

467 2089 569 2146 Codex
592 2091 640 2146 hic
663 2108 690 2146 a.
719 2091 799 2147 1609
824 2093 876 2147 luit
908 2093 1101 2149 bibliothecae
1132 2093 1375 2164 Rosenbergicae,
1406 2107 1444 2147 ex
1466 2106 1525 2162 qua
1549 2093 1586 2146 ad
1609 2093 1767 2146 canoniam

363 2174 579 2232 iiebonensem
604 2179 742 2249 pervenit.

468 2344 521 2426 Μ
848 2346 1282 2431 LClfflnama

365 2485 474 2548 citari.
497 2503 584 2547 saec.
609 2484 678 2547 XV
697 2487 838 2569 (14181)
848 2490 896 2571 ff.
922 2491 986 2553 287
1009 2509 1114 2566 ntem,
1136 2491 1276 2553 30><21
1301 2507 1364 2552 cm.
1388 2491 1406 2552 1
1431 2507 1476 2551 m.

465 2606 627 2686 Huguicii
655 2607 777 2672 Pisani
810 2608 907 2690 Opus
941 2611 1192 2674 vocabulorum
1226 2609 1478 2686 distinctiones
1513 2607 1769 2670 derivationum

365 2693 528 2772 origines,
558 2695 847 2774 etymologiarum
879 2697 1144 2776 assignationes,
1174 2695 1499 2774 interpretationum
1529 2693 1768 2773 expositiones

366 2780 487 2843 ordine
510 2781 727 2860 alphabetico
749 2783 943 2846 continens.

468 2885 489 2946 1.
518 2881 653 2947 11-441
677 2885 860 2966 Registrum
883 2894 990 2968 operis
1013 2891 1263 2969 alphabeticum.

470 2989 490 3050 1.
514 2989 572 3050 45²
594 2993 742 3066 (incipitz)
782 2991 884 3055 »Cum
917 2999 1019 3055 nostri
1053 2995 1266 3073 prothoplasti
1290 2997 1480 3074 suggestiva
1510 2992 1769 3070 prevaricacione

368 3078 549 3138 humanum
579 3093 686 3155 genus
714 3097 734 3139 a
758 3096 817 3140 sue
841 3081 1004 3159 dignitatis
1028 3083 1168 3144 culmine
1195 3099 1293 3161 quam
1324 3082 1421 3160 longe
1445 3081 1663 3140 discesserit<
1692 3078 1724 3134 ><
1748 3073 1769 3134 1.

369 3157 448 3224 287b
471 3167 563 3238 (exp1‚
587 3167 630 3225 lit.
655 3166 711 3238 Zz)
738 3163 893 3228 »Sextum
918 3172 1003 3230 enim
1027 3171 1114 3231 hunc
1137 3169 1239 3230 filium
1262 3173 1429 3248 genuerat,
1454 3163 1510 3226 Lia
1532 3166 1606 3226 ideo
1630 3167 1694 3224 iam
1718 3179 1769 3222 se·

369 3266 448 3310 cura
470 3249 564 3310 dixit:
589 3251 745 3314 habitabit
767 3269 897 3314 mecum
919 3259 967 3316 vir
989 3271 1094 3328 meus
1110 3257 1197 3318 unde
1214 3255 1365 3318 ethius«
1384 3259 1506 3330 (cetera
1521 3251 1772 3323 desiderantur).

473 3355 534 3414 Fol.
563 3357 647 3414 iae
672 3376 689 3414 a
712 3359 836 3416 barbaro
859 3363 988 3434 quodam
1011 3365 1140 3420 dissecta
1162 3371 1240 3424 sunt
1265 3363 1368 3420 Codex
1391 3367 1490 3416 noster
1512 3363 1681 3414 recensente
1702 3355 1771 3412 Bal-

369 3446 440 3500 bino
463 3446 522 3498 iam
545 3460 624 3502 saec.
648 3443 729 3500 XVII
753 3455 814 3504 erat
843 3451 873 3504 in
897 3451 967 3508 bibl.
992 3449 1175 3507 Clementina
1197 3450 1228 3510 S.
1253 3450 1279 3507 J.
1303 3449 1440 3506 Fortasse
1463 3449 1551 3502 etiam
1574 3446 1658 3500 initio
1681 3444 1771 3498 huius

370 3530 481 3587 saeculi
513 3532 607 3586 codex
637 3539 697 3587 erat
727 3536 846 3604 integer,
877 3553 944 3592 cum
973 3539 1004 3591 in
1027 3538 1170 3594 schedula
1191 3540 1269 3594 tituli
1291 3535 1577 3592 Zimmermanniana
1607 3532 1773 3587 inveniatur

370 3634 439 3674 ann.
469 3617 560 3688 1418,
583 3633 642 3689 quo
666 3627 803 3676 exaratus
827 3622 919 3692 luerit,
943 3627 973 3680 id
996 3627 1075 3695 quod
1098 3625 1186 3681 hodie
1210 3639 1356 3696 nusquam
1380 3627 1508 3694 apparet.

476 3785 528 3866 96
854 3790 883 3867 I.
914 3791 949 3868 C.
976 3795 1011 3869 5.
1039 3809 1084 3877 (Υ.
1104 3809 1139 3862 ll.
1158 3811 1183 3863 r.
1201 3826 1227 3862 n.
1248 3813 1300 3872 ιι.)

372 3927 480 3990 chart.
503 3945 591 3990 saec.
616 3927 684 3990 XV
704 3930 748 3994 in.
761 3931 807 4014 ff.
831 3933 906 4010 179,
926 3933 1071 3998 30><22
1093 3952 1155 3996 cm.
1179 3935 1201 3997 2
1222 3954 1267 3996 m.

477 4049 498 4110 1.
526 4050 682 4112 12-1432
703 4052 827 4117 Isidori
848 4055 1068 4134 Hispalensis
1090 4057 1389 4136 Etymologiarum
1404 4054 1483 4116 libri
1496 4052 1585 4116 xxi.
1612 4050 1772 4112 »Domino

374 4153 447 4198 meo
478 4141 510 4197 et
540 4137 591 4198 dei
622 4155 718 4200 servo
748 4141 910 4203 Braulioni
941 4148 1097 4223 episcopo
1128 4143 1306 4206 isidorus«
1334 4146 1365 4202 ><
1393 4149 1447 4203 »ut
1476 4146 1526 4202 vis
1561 4139 1665 4201 morbi
1688 4141 1772 4216 ignis

373 4223 487 4284 ardore
512 4227 668 4286 siccetur«
694 4233 755 4289 etc.

478 4311 498 4373 1.
526 4312 724 4373 itae-173·
747 4314 966 4378 Glossarium
980 4315 1128 4378 latinum
1144 4317 1315 4396 plerasque
1331 4333 1433 4378 voces
1444 4331 1581 4394 graecas
1594 4311 1771 4390 explicans

303 4373 316 4415 '¹
377 4398 467 4460 »Hoc
491 4415 576 4477 opus
600 4401 774 4463 attendens
805 4420 1014 4482 nequaquam
1039 4407 1086 4464 sic
1110 4405 1354 4482 reprehendens
1378 4402 1462 4464 Utile
1487 4399 1713 4480 perpendens«
1740 4399 1773 4455 ><

356 4485 576 4547 ·›Zorobabel
607 4485 670 4547 Iste
700 4493 855 4568 magister
885 4491 925 4551 de
957 4491 1117 4551 babilonie
1141 4495 1227 4567 (sic),
1259 4495 1291 4551 in
1315 4491 1464 4553 babilone
1489 4493 1574 4549 enim
1598 4491 1689 4548 ortus
1712 4491 1773 4558 est,

375 4577 462 4636 unde
486 4581 518 4634 et
541 4579 691 4652 princeps
713 4582 819 4653 gentis
843 4576 940 4638 ludee
964 4581 1082 4638 extitit«
1109 4583 1169 4638 etc.

477 4659 498 4722 1.
526 4660 725 4733 iia-179²>
747 4663 943 4742 Responsio
973 4665 1016 4724 ad
1046 4664 1132 4725 duas
1163 4665 1332 4741 quasdam
1361 4661 1605 4742 replicationes
1634 4657 1775 4737 inperti-

374 4753 497 4812 nenter
520 4757 556 4812 et
584 4751 774 4814 falsissime
804 4750 914 4814 iactas
937 4757 1059 4813 contra
1081 4751 1267 4813 consilium
1296 4751 1478 4813 doctorum
1507 4746 1773 4810 katholicorum.

378 4834 431 4895 »ln
447 4841 556 4916 primis
573 4845 707 4918 ponunt,
731 4839 820 4917 quod
836 4838 1084 4899 tundamentum
1108 4837 1289 4910 doctorum,
1314 4854 1413 4916 super
1428 4853 1493 4915 quo
1510 4835 1649 4896 fundant
1664 4835 1775 4893 omnia

376 4942 438 4986 sua
461 4931 580 5005 scripta
610 4933 641 4987 et
672 4926 816 5001 consilia,
840 4930 891 4986 est
913 4923 1050 4984 falsum«
1067 4926 1100 4980 ><
1117 4923 1175 4986 »Et
1199 4931 1324 4986 tanturn
1348 4925 1390 4986 ad
1414 4939 1561 5003 presens.
1597 4919 1700 4981 Finita
1723 4926 1775 4980 est

376 5017 510 5074 materia
531 5017 593 5076 ista
617 5031 674 5092 per
696 5030 815 5074 manus
837 5007 1010 5074 iohannis
1033 5017 1093 5071 etc.
1109 5027 1126 5081 :‚
1141 5027 1178 5083 :,‹

1061 5233 1098 5285 30
