<?xml version="1.0" encoding="UTF-8"?>
<!DOCTYPE html PUBLIC "-//W3C//DTD XHTML 1.0 Transitional//EN"
    "http://www.w3.org/TR/xhtml1/DTD/xhtml1-transitional.dtd">
<html xmlns="http://www.w3.org/1999/xhtml" xml:lang="en" lang="en">
 <head>
  <title>
</title>
<meta http-equiv="Content-Type" content="text/html;charset=utf-8" />
  <meta name='ocr-system' content='tesseract 3.04.00' />
  <meta name='ocr-capabilities' content='ocr_page ocr_carea ocr_par ocr_line ocrx_word'/>
</head>
<body>
  <div class='ocr_page' id='page_1' title='image "./cataloguscodicu00prazgoog_0018.png"; bbox 0 0 3974 6014; ppageno 0'>
   <div class='ocr_carea' id='block_1_1' title="bbox 380 542 404 592">
    <p class='ocr_par' dir='ltr' id='par_1_1' title="bbox 380 542 404 592">
     <span class='ocr_line' id='line_1_1' title="bbox 380 542 404 592; baseline 0 0"><span class='ocrx_word' id='word_1_1' title='bbox 380 542 404 592; x_wconf 85' lang='lat' dir='ltr'>X</span> 
     </span>
    </p>
   </div>
   <div class='ocr_carea' id='block_1_2' title="bbox 379 751 1785 2079">
    <p class='ocr_par' dir='ltr' id='par_1_2' title="bbox 379 751 1785 2079">
     <span class='ocr_line' id='line_1_2' title="bbox 380 751 1781 830; baseline -0.001 -16"><span class='ocrx_word' id='word_1_2' title='bbox 380 755 412 814; x_wconf 89' lang='lat' dir='ltr'><strong>in</strong></span> <span class='ocrx_word' id='word_1_3' title='bbox 436 755 510 829; x_wconf 90' lang='lat' dir='ltr'><strong>ipsa</strong></span> <span class='ocrx_word' id='word_1_4' title='bbox 533 751 731 830; x_wconf 79' lang='lat' dir='ltr'>praefatione</span> <span class='ocrx_word' id='word_1_5' title='bbox 754 752 891 829; x_wconf 87' lang='lat' dir='ltr'><strong>catalogi</strong></span> <span class='ocrx_word' id='word_1_6' title='bbox 927 751 1050 830; x_wconf 92' lang='lat' dir='ltr'><strong>collegii</strong></span> <span class='ocrx_word' id='word_1_7' title='bbox 1084 752 1220 830; x_wconf 83' lang='lat' dir='ltr'><strong>angelici</strong></span> <span class='ocrx_word' id='word_1_8' title='bbox 1254 759 1363 830; x_wconf 88' lang='lat' dir='ltr'><strong>aperte</strong></span> <span class='ocrx_word' id='word_1_9' title='bbox 1398 751 1606 826; x_wconf 86' lang='lat' dir='ltr'>suadebatur,</span> <span class='ocrx_word' id='word_1_10' title='bbox 1643 758 1679 814; x_wconf 88' lang='lat' dir='ltr'><strong>ut</strong></span> <span class='ocrx_word' id='word_1_11' title='bbox 1712 753 1781 813; x_wconf 85' lang='lat' dir='ltr'>libri</span> 
     </span>
     <span class='ocr_line' id='line_1_3' title="bbox 382 855 1782 935; baseline 0 -19"><span class='ocrx_word' id='word_1_12' title='bbox 382 856 624 917; x_wconf 82' lang='lat' dir='ltr'><strong>membranacei</strong></span> <span class='ocrx_word' id='word_1_13' title='bbox 641 861 774 917; x_wconf 74' lang='lat' dir='ltr'><strong>ueteres</strong></span> <span class='ocrx_word' id='word_1_14' title='bbox 798 856 972 934; x_wconf 79' lang='lat' dir='ltr'><strong>illegibileS,</strong></span> <span class='ocrx_word' id='word_1_15' title='bbox 990 861 1153 935; x_wconf 89' lang='lat' dir='ltr'><strong>quatenus</strong></span> <span class='ocrx_word' id='word_1_16' title='bbox 1173 859 1304 917; x_wconf 91' lang='lat' dir='ltr'><strong>minime</strong></span> <span class='ocrx_word' id='word_1_17' title='bbox 1321 861 1540 928; x_wconf 89' lang='lat' dir='ltr'><strong>convenirent,</strong></span> <span class='ocrx_word' id='word_1_18' title='bbox 1564 855 1782 918; x_wconf 88' lang='lat' dir='ltr'><strong>venderentur</strong></span> 
     </span>
     <span class='ocr_line' id='line_1_4' title="bbox 382 959 1782 1040; baseline 0.001 -20"><span class='ocrx_word' id='word_1_19' title='bbox 382 965 415 1020; x_wconf 95' lang='lat' dir='ltr'><strong>et</strong></span> <span class='ocrx_word' id='word_1_20' title='bbox 437 976 495 1040; x_wconf 93' lang='lat' dir='ltr'><strong>pro</strong></span> <span class='ocrx_word' id='word_1_21' title='bbox 519 963 558 1020; x_wconf 87' lang='lat' dir='ltr'><strong>iis</strong></span> <span class='ocrx_word' id='word_1_22' title='bbox 580 963 657 1021; x_wconf 93' lang='lat' dir='ltr'><strong>novi</strong></span> <span class='ocrx_word' id='word_1_23' title='bbox 682 965 713 1021; x_wconf 94' lang='lat' dir='ltr'><strong>et</strong></span> <span class='ocrx_word' id='word_1_24' title='bbox 735 961 877 1020; x_wconf 86' lang='lat' dir='ltr'><strong>utiliores</strong></span> <span class='ocrx_word' id='word_1_25' title='bbox 900 966 1092 1022; x_wconf 90' lang='lat' dir='ltr'><strong>emerentur.</strong></span> <span class='ocrx_word' id='word_1_26' title='bbox 1128 959 1221 1039; x_wconf 84' lang='lat' dir='ltr'><strong>Quae</strong></span> <span class='ocrx_word' id='word_1_27' title='bbox 1253 976 1328 1021; x_wconf 92' lang='lat' dir='ltr'><strong>cum</strong></span> <span class='ocrx_word' id='word_1_28' title='bbox 1359 965 1403 1022; x_wconf 89' lang='lat' dir='ltr'><strong>lta</strong></span> <span class='ocrx_word' id='word_1_29' title='bbox 1434 963 1507 1034; x_wconf 90' lang='lat' dir='ltr'><strong>sint,</strong></span> <span class='ocrx_word' id='word_1_30' title='bbox 1539 964 1571 1022; x_wconf 89' lang='lat' dir='ltr'><strong>in</strong></span> <span class='ocrx_word' id='word_1_31' title='bbox 1601 961 1683 1021; x_wconf 87' lang='lat' dir='ltr'><strong>alios</strong></span> <span class='ocrx_word' id='word_1_32' title='bbox 1715 977 1782 1022; x_wconf 91' lang='lat' dir='ltr'><strong>non</strong></span> 
     </span>
     <span class='ocr_line' id='line_1_5' title="bbox 382 1063 1785 1150; baseline 0 -26"><span class='ocrx_word' id='word_1_33' title='bbox 382 1063 613 1142; x_wconf 90' lang='lat' dir='ltr'><strong>inquirendum</strong></span> <span class='ocrx_word' id='word_1_34' title='bbox 637 1063 696 1124; x_wconf 88' lang='lat' dir='ltr'><strong>sed</strong></span> <span class='ocrx_word' id='word_1_35' title='bbox 719 1064 967 1125; x_wconf 87' lang='lat' dir='ltr'><strong>assentiendum</strong></span> <span class='ocrx_word' id='word_1_36' title='bbox 990 1071 1041 1125; x_wconf 89' lang='lat' dir='ltr'><strong>est</strong></span> <span class='ocrx_word' id='word_1_37' title='bbox 1062 1065 1250 1126; x_wconf 88' lang='lat' dir='ltr'><strong>venerando</strong></span> <span class='ocrx_word' id='word_1_38' title='bbox 1280 1063 1426 1150; x_wconf 89' lang='lat' dir='ltr'><strong>Balbino,</strong></span> <span class='ocrx_word' id='word_1_39' title='bbox 1457 1069 1511 1144; x_wconf 93' lang='lat' dir='ltr'><strong>qui</strong></span> <span class='ocrx_word' id='word_1_40' title='bbox 1544 1067 1785 1142; x_wconf 84' lang='lat' dir='ltr'><strong>»manuscripta</strong></span> 
     </span>
     <span class='ocr_line' id='line_1_6' title="bbox 382 1165 1783 1245; baseline 0 -17"><span class='ocrx_word' id='word_1_41' title='bbox 382 1168 509 1245; x_wconf 91' lang='lat' dir='ltr'><strong>collegii</strong></span> <span class='ocrx_word' id='word_1_42' title='bbox 533 1165 725 1230; x_wconf 85' lang='lat' dir='ltr'><strong>Clementini</strong></span> <span class='ocrx_word' id='word_1_43' title='bbox 748 1169 953 1229; x_wconf 88' lang='lat' dir='ltr'><strong>accumulata</strong></span> <span class='ocrx_word' id='word_1_44' title='bbox 983 1186 1059 1230; x_wconf 90' lang='lat' dir='ltr'><strong>esse</strong></span> <span class='ocrx_word' id='word_1_45' title='bbox 1083 1186 1124 1230; x_wconf 86' lang='lat' dir='ltr'><strong>ex</strong></span> <span class='ocrx_word' id='word_1_46' title='bbox 1148 1169 1351 1230; x_wconf 89' lang='lat' dir='ltr'><strong>diversarum</strong></span> <span class='ocrx_word' id='word_1_47' title='bbox 1382 1169 1648 1230; x_wconf 83' lang='lat' dir='ltr'><strong>bibliothecarum</strong></span> <span class='ocrx_word' id='word_1_48' title='bbox 1672 1172 1783 1240; x_wconf 72' lang='lat' dir='ltr'><strong>ruinis</strong></span> 
     </span>
     <span class='ocr_line' id='line_1_7' title="bbox 384 1267 1783 1350; baseline 0 -18"><span class='ocrx_word' id='word_1_49' title='bbox 384 1275 591 1350; x_wconf 92' lang='lat' dir='ltr'><strong>potissimum</strong></span> <span class='ocrx_word' id='word_1_50' title='bbox 617 1289 659 1332; x_wconf 86' lang='lat' dir='ltr'><strong>ex</strong></span> <span class='ocrx_word' id='word_1_51' title='bbox 681 1275 899 1333; x_wconf 86' lang='lat' dir='ltr'><strong>universitatis</strong></span> <span class='ocrx_word' id='word_1_52' title='bbox 923 1271 1092 1334; x_wconf 90' lang='lat' dir='ltr'><strong>Carolinae</strong></span> <span class='ocrx_word' id='word_1_53' title='bbox 1127 1273 1338 1334; x_wconf 80' lang='lat' dir='ltr'><strong>bibliotheca«</strong></span> <span class='ocrx_word' id='word_1_54' title='bbox 1372 1267 1594 1350; x_wconf 80' lang='lat' dir='ltr'><strong>asseverat.¹⁷)</strong></span> <span class='ocrx_word' id='word_1_55' title='bbox 1638 1271 1679 1332; x_wconf 87' lang='lat' dir='ltr'><strong>Et</strong></span> <span class='ocrx_word' id='word_1_56' title='bbox 1712 1287 1783 1349; x_wconf 93' lang='lat' dir='ltr'><strong>pro-</strong></span> 
     </span>
     <span class='ocr_line' id='line_1_8' title="bbox 388 1375 1782 1456; baseline -0.001 -20"><span class='ocrx_word' id='word_1_57' title='bbox 388 1375 474 1438; x_wconf 85' lang='lat' dir='ltr'><strong>iecto</strong></span> <span class='ocrx_word' id='word_1_58' title='bbox 496 1379 619 1437; x_wconf 90' lang='lat' dir='ltr'><strong>iustum</strong></span> <span class='ocrx_word' id='word_1_59' title='bbox 643 1379 807 1436; x_wconf 89' lang='lat' dir='ltr'><strong>ruinarum</strong></span> <span class='ocrx_word' id='word_1_60' title='bbox 830 1393 951 1436; x_wconf 92' lang='lat' dir='ltr'><strong>nomen</strong></span> <span class='ocrx_word' id='word_1_61' title='bbox 974 1379 1130 1454; x_wconf 89' lang='lat' dir='ltr'><strong>imposuit</strong></span> <span class='ocrx_word' id='word_1_62' title='bbox 1152 1377 1292 1456; x_wconf 91' lang='lat' dir='ltr'><strong>reliquiis</strong></span> <span class='ocrx_word' id='word_1_63' title='bbox 1316 1380 1439 1454; x_wconf 90' lang='lat' dir='ltr'><strong>pristini</strong></span> <span class='ocrx_word' id='word_1_64' title='bbox 1461 1379 1606 1454; x_wconf 89' lang='lat' dir='ltr'><strong>inprimis</strong></span> <span class='ocrx_word' id='word_1_65' title='bbox 1629 1376 1782 1436; x_wconf 92' lang='lat' dir='ltr'><strong>codicum</strong></span> 
     </span>
     <span class='ocr_line' id='line_1_9' title="bbox 384 1477 1781 1559; baseline -0.001 -18"><span class='ocrx_word' id='word_1_66' title='bbox 384 1481 538 1554; x_wconf 89' lang='lat' dir='ltr'><strong>thesauri,</strong></span> <span class='ocrx_word' id='word_1_67' title='bbox 574 1495 658 1557; x_wconf 93' lang='lat' dir='ltr'><strong>quas</strong></span> <span class='ocrx_word' id='word_1_68' title='bbox 691 1478 834 1539; x_wconf 72' lang='lat' dir='ltr'><strong>jesuitae</strong></span> <span class='ocrx_word' id='word_1_69' title='bbox 871 1477 1063 1542; x_wconf 89' lang='lat' dir='ltr'><strong>Clementini</strong></span> <span class='ocrx_word' id='word_1_70' title='bbox 1098 1499 1127 1542; x_wconf 93' lang='lat' dir='ltr'><strong>a.</strong></span> <span class='ocrx_word' id='word_1_71' title='bbox 1166 1481 1247 1542; x_wconf 88' lang='grc'><strong>1622</strong></span> <span class='ocrx_word' id='word_1_72' title='bbox 1271 1499 1291 1541; x_wconf 88' lang='lat' dir='ltr'><strong>a</strong></span> <span class='ocrx_word' id='word_1_73' title='bbox 1313 1481 1489 1559; x_wconf 85' lang='lat' dir='ltr'><strong>collegiatis</strong></span> <span class='ocrx_word' id='word_1_74' title='bbox 1522 1485 1717 1558; x_wconf 87' lang='lat' dir='ltr'><strong>acceperant</strong></span> <span class='ocrx_word' id='word_1_75' title='bbox 1750 1485 1781 1539; x_wconf 92' lang='lat' dir='ltr'><strong>et</strong></span> 
     </span>
     <span class='ocr_line' id='line_1_10' title="bbox 382 1581 1781 1646; baseline -0.001 -2"><span class='ocrx_word' id='word_1_76' title='bbox 382 1589 536 1646; x_wconf 89' lang='lat' dir='ltr'><strong>societate</strong></span> <span class='ocrx_word' id='word_1_77' title='bbox 576 1583 695 1644; x_wconf 90' lang='lat' dir='ltr'><strong>abolita</strong></span> <span class='ocrx_word' id='word_1_78' title='bbox 718 1601 746 1646; x_wconf 91' lang='lat' dir='ltr'><strong>a.</strong></span> <span class='ocrx_word' id='word_1_79' title='bbox 775 1581 856 1645; x_wconf 87' lang='grc'>1773</span> <span class='ocrx_word' id='word_1_80' title='bbox 894 1583 1106 1645; x_wconf 86' lang='lat' dir='ltr'><strong>bibliothecae</strong></span> <span class='ocrx_word' id='word_1_81' title='bbox 1145 1589 1277 1646; x_wconf 89' lang='lat' dir='ltr'><strong>nostrae</strong></span> <span class='ocrx_word' id='word_1_82' title='bbox 1313 1583 1519 1645; x_wconf 88' lang='lat' dir='ltr'><strong>tradiderunt.</strong></span> <span class='ocrx_word' id='word_1_83' title='bbox 1565 1581 1781 1644; x_wconf 89' lang='lat' dir='ltr'><strong>Tradiderunt</strong></span> 
     </span>
     <span class='ocr_line' id='line_1_11' title="bbox 384 1687 1776 1767; baseline -0.001 -19"><span class='ocrx_word' id='word_1_84' title='bbox 384 1694 493 1748; x_wconf 88' lang='lat' dir='ltr'><strong>autem</strong></span> <span class='ocrx_word' id='word_1_85' title='bbox 529 1687 626 1749; x_wconf 88' lang='lat' dir='ltr'><strong>nobis</strong></span> <span class='ocrx_word' id='word_1_86' title='bbox 663 1691 797 1765; x_wconf 90' lang='lat' dir='ltr'><strong>insuper</strong></span> <span class='ocrx_word' id='word_1_87' title='bbox 833 1687 965 1748; x_wconf 89' lang='lat' dir='ltr'><strong>codices</strong></span> <span class='ocrx_word' id='word_1_88' title='bbox 1003 1689 1132 1750; x_wconf 89' lang='lat' dir='ltr'><strong>aliunde</strong></span> <span class='ocrx_word' id='word_1_89' title='bbox 1167 1693 1387 1767; x_wconf 88' lang='lat' dir='ltr'><strong>comparatos,</strong></span> <span class='ocrx_word' id='word_1_90' title='bbox 1410 1692 1443 1749; x_wconf 93' lang='lat' dir='ltr'><strong>in</strong></span> <span class='ocrx_word' id='word_1_91' title='bbox 1466 1688 1518 1748; x_wconf 92' lang='lat' dir='ltr'><strong>his</strong></span> <span class='ocrx_word' id='word_1_92' title='bbox 1552 1691 1725 1766; x_wconf 90' lang='lat' dir='ltr'><strong>praecipue</strong></span> <span class='ocrx_word' id='word_1_93' title='bbox 1748 1704 1776 1747; x_wconf 89' lang='lat' dir='ltr'><strong>a.</strong></span> 
     </span>
     <span class='ocr_line' id='line_1_12' title="bbox 384 1788 1774 1870; baseline -0.001 -18"><span class='ocrx_word' id='word_1_94' title='bbox 384 1789 596 1852; x_wconf 88' lang='grc'>1556-1560</span> <span class='ocrx_word' id='word_1_95' title='bbox 619 1808 660 1852; x_wconf 92' lang='lat' dir='ltr'><strong>ex</strong></span> <span class='ocrx_word' id='word_1_96' title='bbox 699 1791 829 1852; x_wconf 90' lang='lat' dir='ltr'><strong>deserto</strong></span> <span class='ocrx_word' id='word_1_97' title='bbox 867 1789 1124 1853; x_wconf 88' lang='lat' dir='ltr'><strong>Caelestinorum</strong></span> <span class='ocrx_word' id='word_1_98' title='bbox 1159 1796 1357 1853; x_wconf 90' lang='lat' dir='ltr'><strong>monasterio</strong></span> <span class='ocrx_word' id='word_1_99' title='bbox 1392 1788 1604 1870; x_wconf 81' lang='lat' dir='ltr'><strong>Ojvinensi¹⁸)</strong></span> <span class='ocrx_word' id='word_1_100' title='bbox 1638 1791 1774 1858; x_wconf 88' lang='lat' dir='ltr'><strong>ablatos,</strong></span> 
     </span>
     <span class='ocr_line' id='line_1_13' title="bbox 379 1894 1774 1974; baseline -0.001 -18"><span class='ocrx_word' id='word_1_101' title='bbox 379 1900 454 1957; x_wconf 89' lang='lat' dir='ltr'><strong>item</strong></span> <span class='ocrx_word' id='word_1_102' title='bbox 480 1897 655 1956; x_wconf 90' lang='lat' dir='ltr'><strong>nonnullos</strong></span> <span class='ocrx_word' id='word_1_103' title='bbox 678 1899 759 1971; x_wconf 91' lang='lat' dir='ltr'><strong>(non</strong></span> <span class='ocrx_word' id='word_1_104' title='bbox 782 1913 909 1971; x_wconf 92' lang='lat' dir='ltr'><strong>omnes,</strong></span> <span class='ocrx_word' id='word_1_105' title='bbox 940 1895 979 1957; x_wconf 88' lang='lat' dir='ltr'><strong>cl.</strong></span> <span class='ocrx_word' id='word_1_106' title='bbox 1005 1894 1142 1956; x_wconf 86' lang='lat' dir='ltr'><strong>Hanslik</strong></span> <span class='ocrx_word' id='word_1_107' title='bbox 1166 1897 1184 1957; x_wconf 93' lang='lat' dir='ltr'><strong>l.</strong></span> <span class='ocrx_word' id='word_1_108' title='bbox 1208 1913 1235 1957; x_wconf 92' lang='lat' dir='ltr'><strong>c.</strong></span> <span class='ocrx_word' id='word_1_109' title='bbox 1268 1895 1333 1969; x_wconf 89' lang='lat'><strong>69),</strong></span> <span class='ocrx_word' id='word_1_110' title='bbox 1369 1912 1454 1974; x_wconf 92' lang='lat' dir='ltr'><strong>quos</strong></span> <span class='ocrx_word' id='word_1_111' title='bbox 1488 1899 1567 1957; x_wconf 91' lang='lat' dir='ltr'><strong>socii</strong></span> <span class='ocrx_word' id='word_1_112' title='bbox 1603 1899 1664 1973; x_wconf 89' lang='lat' dir='ltr'><strong>ipsi</strong></span> <span class='ocrx_word' id='word_1_113' title='bbox 1698 1911 1774 1955; x_wconf 89' lang='lat' dir='ltr'><strong>con·</strong></span> 
     </span>
     <span class='ocr_line' id='line_1_14' title="bbox 380 2004 586 2079; baseline 0.01 -19"><span class='ocrx_word' id='word_1_114' title='bbox 380 2004 586 2079; x_wconf 88' lang='lat' dir='ltr'><strong>scripserant.</strong></span> 
     </span>
    </p>
   </div>
   <div class='ocr_carea' id='block_1_3' title="bbox 377 2116 1777 3655">
    <p class='ocr_par' dir='ltr' id='par_1_3' title="bbox 377 2116 1777 3655">
     <span class='ocr_line' id='line_1_15' title="bbox 484 2116 1774 2202; baseline -0.002 -20"><span class='ocrx_word' id='word_1_115' title='bbox 484 2121 547 2202; x_wconf 80' lang='lat' dir='ltr'><strong>Qui</strong></span> <span class='ocrx_word' id='word_1_116' title='bbox 570 2122 704 2183; x_wconf 89' lang='lat' dir='ltr'><strong>codices</strong></span> <span class='ocrx_word' id='word_1_117' title='bbox 728 2116 898 2196; x_wconf 79' lang='lat' dir='ltr'><strong>omnes&#39;⁹),</strong></span> <span class='ocrx_word' id='word_1_118' title='bbox 922 2138 1008 2200; x_wconf 90' lang='lat' dir='ltr'><strong>quos</strong></span> <span class='ocrx_word' id='word_1_119' title='bbox 1031 2139 1072 2182; x_wconf 81' lang='lat' dir='ltr'><strong>ex</strong></span> <span class='ocrx_word' id='word_1_120' title='bbox 1089 2118 1122 2183; x_wconf 90' lang='lat' dir='ltr'><strong>S.</strong></span> <span class='ocrx_word' id='word_1_121' title='bbox 1146 2120 1171 2183; x_wconf 87' lang='lat' dir='ltr'><strong>J.</strong></span> <span class='ocrx_word' id='word_1_122' title='bbox 1190 2121 1326 2199; x_wconf 88' lang='lat' dir='ltr'><strong>collegio</strong></span> <span class='ocrx_word' id='word_1_123' title='bbox 1350 2118 1552 2182; x_wconf 91' lang='lat' dir='ltr'><strong>Clementino</strong></span> <span class='ocrx_word' id='word_1_124' title='bbox 1575 2124 1774 2199; x_wconf 90' lang='lat' dir='ltr'><strong>accepimus,</strong></span> 
     </span>
     <span class='ocr_line' id='line_1_16' title="bbox 380 2222 1775 2304; baseline -0.001 -18"><span class='ocrx_word' id='word_1_125' title='bbox 380 2229 549 2304; x_wconf 87' lang='lat' dir='ltr'><strong>perscripti</strong></span> <span class='ocrx_word' id='word_1_126' title='bbox 573 2230 706 2287; x_wconf 87' lang='lat' dir='ltr'><strong>suntin</strong></span> <span class='ocrx_word' id='word_1_127' title='bbox 730 2226 843 2286; x_wconf 92' lang='lat' dir='ltr'><strong>codice</strong></span> <span class='ocrx_word' id='word_1_128' title='bbox 867 2229 1004 2304; x_wconf 88' lang='lat' dir='ltr'><strong>catalogi</strong></span> <span class='ocrx_word' id='word_1_129' title='bbox 1027 2229 1129 2286; x_wconf 87' lang='lat' dir='ltr'><strong>nostri</strong></span> <span class='ocrx_word' id='word_1_130' title='bbox 1157 2223 1237 2286; x_wconf 89' lang='grc'><strong>1685</strong></span> <span class='ocrx_word' id='word_1_131' title='bbox 1261 2226 1324 2286; x_wconf 94' lang='lat' dir='ltr'><strong>sub</strong></span> <span class='ocrx_word' id='word_1_132' title='bbox 1347 2226 1454 2286; x_wconf 92' lang='lat' dir='ltr'><strong>titulo:</strong></span> <span class='ocrx_word' id='word_1_133' title='bbox 1493 2222 1652 2286; x_wconf 79' lang='lat' dir='ltr'><strong>»Codices</strong></span> <span class='ocrx_word' id='word_1_134' title='bbox 1676 2240 1775 2284; x_wconf 89' lang='lat' dir='ltr'><strong>manu</strong></span> 
     </span>
     <span class='ocr_line' id='line_1_17' title="bbox 381 2327 1773 2408; baseline -0.001 -19"><span class='ocrx_word' id='word_1_135' title='bbox 381 2333 489 2408; x_wconf 89' lang='lat' dir='ltr'><strong>scripti</strong></span> <span class='ocrx_word' id='word_1_136' title='bbox 526 2333 559 2390; x_wconf 94' lang='lat' dir='ltr'><strong>in</strong></span> <span class='ocrx_word' id='word_1_137' title='bbox 583 2346 609 2390; x_wconf 94' lang='lat' dir='ltr'><strong>c.</strong></span> <span class='ocrx_word' id='word_1_138' title='bbox 634 2347 658 2390; x_wconf 91' lang='lat' dir='ltr'><strong>r.</strong></span> <span class='ocrx_word' id='word_1_139' title='bbox 683 2329 878 2390; x_wconf 90' lang='lat' dir='ltr'><strong>bibliotheca</strong></span> <span class='ocrx_word' id='word_1_140' title='bbox 915 2329 1036 2407; x_wconf 89' lang='lat' dir='ltr'><strong>Pragae</strong></span> <span class='ocrx_word' id='word_1_141' title='bbox 1074 2329 1116 2390; x_wconf 91' lang='lat' dir='ltr'><strong>ad</strong></span> <span class='ocrx_word' id='word_1_142' title='bbox 1147 2347 1173 2390; x_wconf 92' lang='lat' dir='ltr'><strong>s.</strong></span> <span class='ocrx_word' id='word_1_143' title='bbox 1206 2327 1407 2391; x_wconf 91' lang='lat' dir='ltr'><strong>Clementem</strong></span> <span class='ocrx_word' id='word_1_144' title='bbox 1445 2335 1623 2392; x_wconf 83' lang='lat' dir='ltr'><strong>exstantes.</strong></span> <span class='ocrx_word' id='word_1_145' title='bbox 1663 2327 1773 2391; x_wconf 81' lang='grc'>1781.«</span> 
     </span>
     <span class='ocr_line' id='line_1_18' title="bbox 379 2429 1777 2512; baseline -0.001 -18"><span class='ocrx_word' id='word_1_146' title='bbox 379 2431 463 2494; x_wconf 92' lang='lat' dir='ltr'><strong>Huic</strong></span> <span class='ocrx_word' id='word_1_147' title='bbox 487 2437 687 2512; x_wconf 90' lang='lat' dir='ltr'><strong>inscriptioni</strong></span> <span class='ocrx_word' id='word_1_148' title='bbox 709 2433 736 2495; x_wconf 92' lang='lat' dir='ltr'><strong>J.</strong></span> <span class='ocrx_word' id='word_1_149' title='bbox 760 2429 887 2508; x_wconf 71' lang='lat' dir='ltr'><strong>Hanus,</strong></span> <span class='ocrx_word' id='word_1_150' title='bbox 921 2433 1134 2494; x_wconf 90' lang='lat' dir='ltr'><strong>bibliothecae</strong></span> <span class='ocrx_word' id='word_1_151' title='bbox 1158 2439 1289 2494; x_wconf 89' lang='lat' dir='ltr'><strong>nostrae</strong></span> <span class='ocrx_word' id='word_1_152' title='bbox 1312 2435 1387 2495; x_wconf 94' lang='lat' dir='ltr'><strong>olim</strong></span> <span class='ocrx_word' id='word_1_153' title='bbox 1412 2434 1606 2512; x_wconf 71' lang='lat' dir='ltr'><strong>praelectus</strong></span> <span class='ocrx_word' id='word_1_154' title='bbox 1641 2449 1777 2494; x_wconf 87' lang='lat' dir='ltr'><strong>cerussa</strong></span> 
     </span>
     <span class='ocr_line' id='line_1_19' title="bbox 378 2535 1775 2616; baseline -0.001 -18"><span class='ocrx_word' id='word_1_155' title='bbox 378 2538 518 2599; x_wconf 91' lang='lat' dir='ltr'><strong>addidit:</strong></span> <span class='ocrx_word' id='word_1_156' title='bbox 569 2535 679 2597; x_wconf 84' lang='lat' dir='ltr'><strong>»Nach</strong></span> <span class='ocrx_word' id='word_1_157' title='bbox 709 2537 886 2596; x_wconf 85' lang='lat' dir='ltr'><strong>libemame</strong></span> <span class='ocrx_word' id='word_1_158' title='bbox 915 2537 972 2596; x_wconf 92' lang='lat' dir='ltr'><strong>der</strong></span> <span class='ocrx_word' id='word_1_159' title='bbox 1002 2537 1179 2598; x_wconf 91' lang='lat' dir='ltr'><strong>bibliothek</strong></span> <span class='ocrx_word' id='word_1_160' title='bbox 1211 2554 1288 2598; x_wconf 95' lang='lat' dir='ltr'><strong>vom</strong></span> <span class='ocrx_word' id='word_1_161' title='bbox 1319 2537 1571 2616; x_wconf 87' lang='lat' dir='ltr'><strong>Jesuitencolleg</strong></span> <span class='ocrx_word' id='word_1_162' title='bbox 1600 2541 1657 2597; x_wconf 92' lang='lat' dir='ltr'><strong>mit</strong></span> <span class='ocrx_word' id='word_1_163' title='bbox 1690 2539 1775 2597; x_wconf 89' lang='lat' dir='ltr'><strong>alten</strong></span> 
     </span>
     <span class='ocr_line' id='line_1_20' title="bbox 379 2639 1775 2721; baseline -0.002 -20"><span class='ocrx_word' id='word_1_164' title='bbox 379 2644 598 2720; x_wconf 81' lang='lat' dir='ltr'><strong>signaturen«,</strong></span> <span class='ocrx_word' id='word_1_165' title='bbox 634 2641 723 2721; x_wconf 92' lang='lat' dir='ltr'><strong>quod</strong></span> <span class='ocrx_word' id='word_1_166' title='bbox 746 2639 1002 2701; x_wconf 88' lang='lat' dir='ltr'><strong>additamentum</strong></span> <span class='ocrx_word' id='word_1_167' title='bbox 1026 2641 1214 2718; x_wconf 90' lang='lat' dir='ltr'><strong>ambiguum</strong></span> <span class='ocrx_word' id='word_1_168' title='bbox 1246 2648 1305 2702; x_wconf 91' lang='lat' dir='ltr'><strong>est.</strong></span> <span class='ocrx_word' id='word_1_169' title='bbox 1351 2639 1434 2702; x_wconf 86' lang='lat' dir='ltr'><strong>Nam</strong></span> <span class='ocrx_word' id='word_1_170' title='bbox 1465 2645 1661 2720; x_wconf 88' lang='lat' dir='ltr'><strong>signaturae,</strong></span> <span class='ocrx_word' id='word_1_171' title='bbox 1692 2657 1775 2719; x_wconf 91' lang='lat' dir='ltr'><strong>quas</strong></span> 
     </span>
     <span class='ocr_line' id='line_1_21' title="bbox 378 2743 1775 2824; baseline -0.002 -18"><span class='ocrx_word' id='word_1_172' title='bbox 378 2747 429 2806; x_wconf 92' lang='lat' dir='ltr'><strong>hic</strong></span> <span class='ocrx_word' id='word_1_173' title='bbox 453 2747 622 2824; x_wconf 90' lang='lat' dir='ltr'><strong>catalogus</strong></span> <span class='ocrx_word' id='word_1_174' title='bbox 645 2745 784 2814; x_wconf 83' lang='lat' dir='ltr'><strong>exhibet,</strong></span> <span class='ocrx_word' id='word_1_175' title='bbox 820 2761 886 2805; x_wconf 94' lang='lat' dir='ltr'><strong>non</strong></span> <span class='ocrx_word' id='word_1_176' title='bbox 910 2761 929 2804; x_wconf 90' lang='lat' dir='ltr'><strong>a</strong></span> <span class='ocrx_word' id='word_1_177' title='bbox 951 2745 1115 2805; x_wconf 85' lang='lat' dir='ltr'><strong>veteribus</strong></span> <span class='ocrx_word' id='word_1_178' title='bbox 1151 2743 1184 2806; x_wconf 90' lang='lat' dir='ltr'><strong>S.</strong></span> <span class='ocrx_word' id='word_1_179' title='bbox 1208 2744 1233 2805; x_wconf 91' lang='lat' dir='ltr'><strong>J.</strong></span> <span class='ocrx_word' id='word_1_180' title='bbox 1270 2747 1414 2823; x_wconf 89' lang='lat' dir='ltr'><strong>patribus</strong></span> <span class='ocrx_word' id='word_1_181' title='bbox 1445 2749 1601 2824; x_wconf 85' lang='lat' dir='ltr'><strong>originem</strong></span> <span class='ocrx_word' id='word_1_182' title='bbox 1635 2745 1775 2816; x_wconf 87' lang='lat' dir='ltr'><strong>trahunt,</strong></span> 
     </span>
     <span class='ocr_line' id='line_1_22' title="bbox 379 2846 1773 2928; baseline -0.001 -18"><span class='ocrx_word' id='word_1_183' title='bbox 379 2851 439 2910; x_wconf 91' lang='lat' dir='ltr'><strong>sed</strong></span> <span class='ocrx_word' id='word_1_184' title='bbox 463 2849 686 2910; x_wconf 89' lang='lat' dir='ltr'><strong>attribuendae</strong></span> <span class='ocrx_word' id='word_1_185' title='bbox 711 2853 787 2910; x_wconf 91' lang='lat' dir='ltr'><strong>sunt</strong></span> <span class='ocrx_word' id='word_1_186' title='bbox 810 2848 939 2909; x_wconf 89' lang='lat' dir='ltr'><strong>cuidam</strong></span> <span class='ocrx_word' id='word_1_187' title='bbox 964 2847 1102 2922; x_wconf 82' lang='lat' dir='ltr'><strong>officiali,</strong></span> <span class='ocrx_word' id='word_1_188' title='bbox 1139 2851 1193 2928; x_wconf 92' lang='lat' dir='ltr'><strong>qul</strong></span> <span class='ocrx_word' id='word_1_189' title='bbox 1224 2849 1357 2910; x_wconf 90' lang='lat' dir='ltr'><strong>codices</strong></span> <span class='ocrx_word' id='word_1_190' title='bbox 1391 2846 1614 2910; x_wconf 89' lang='lat' dir='ltr'><strong>Clementinos</strong></span> <span class='ocrx_word' id='word_1_191' title='bbox 1649 2855 1773 2927; x_wconf 90' lang='lat' dir='ltr'><strong>posta.</strong></span> 
     </span>
     <span class='ocr_line' id='line_1_23' title="bbox 383 2951 1774 3030; baseline -0.001 -16"><span class='ocrx_word' id='word_1_192' title='bbox 383 2952 466 3014; x_wconf 97' lang='grc'>1770</span> <span class='ocrx_word' id='word_1_193' title='bbox 488 2953 690 3014; x_wconf 91' lang='lat' dir='ltr'><strong>ordinandos</strong></span> <span class='ocrx_word' id='word_1_194' title='bbox 714 2957 745 3012; x_wconf 94' lang='lat' dir='ltr'><strong>et</strong></span> <span class='ocrx_word' id='word_1_195' title='bbox 768 2952 1003 3013; x_wconf 88' lang='lat' dir='ltr'><strong>describendos</strong></span> <span class='ocrx_word' id='word_1_196' title='bbox 1028 2956 1182 3030; x_wconf 85' lang='lat' dir='ltr'><strong>suscepit.</strong></span> <span class='ocrx_word' id='word_1_197' title='bbox 1215 2951 1287 3014; x_wconf 91' lang='lat' dir='ltr'><strong>Hoc</strong></span> <span class='ocrx_word' id='word_1_198' title='bbox 1310 2953 1475 3014; x_wconf 87' lang='lat' dir='ltr'><strong>declarant</strong></span> <span class='ocrx_word' id='word_1_199' title='bbox 1505 2957 1690 3030; x_wconf 87' lang='lat' dir='ltr'><strong>signaturae</strong></span> <span class='ocrx_word' id='word_1_200' title='bbox 1721 2968 1774 3012; x_wconf 91' lang='lat' dir='ltr'><strong>co·</strong></span> 
     </span>
     <span class='ocr_line' id='line_1_24' title="bbox 380 3055 1773 3134; baseline -0.001 -16"><span class='ocrx_word' id='word_1_201' title='bbox 380 3057 488 3118; x_wconf 93' lang='lat' dir='ltr'><strong>dicum</strong></span> <span class='ocrx_word' id='word_1_202' title='bbox 513 3061 546 3118; x_wconf 91' lang='lat' dir='ltr'><strong>in</strong></span> <span class='ocrx_word' id='word_1_203' title='bbox 570 3057 657 3117; x_wconf 90' lang='lat' dir='ltr'><strong>libris</strong></span> <span class='ocrx_word' id='word_1_204' title='bbox 681 3055 912 3117; x_wconf 88' lang='lat' dir='ltr'><strong>vetustioribus</strong></span> <span class='ocrx_word' id='word_1_205' title='bbox 943 3063 1152 3117; x_wconf 88' lang='lat' dir='ltr'><strong>occurrentes</strong></span> <span class='ocrx_word' id='word_1_206' title='bbox 1186 3061 1250 3131; x_wconf 89' lang='lat' dir='ltr'><strong>(ex.</strong></span> <span class='ocrx_word' id='word_1_207' title='bbox 1282 3074 1328 3134; x_wconf 86' lang='lat' dir='ltr'><strong>gr.</strong></span> <span class='ocrx_word' id='word_1_208' title='bbox 1352 3062 1384 3118; x_wconf 92' lang='lat' dir='ltr'><strong>in</strong></span> <span class='ocrx_word' id='word_1_209' title='bbox 1408 3057 1550 3119; x_wconf 91' lang='lat' dir='ltr'><strong>Dobnerl</strong></span> <span class='ocrx_word' id='word_1_210' title='bbox 1584 3055 1672 3117; x_wconf 91' lang='lat' dir='ltr'><strong>Mon.</strong></span> <span class='ocrx_word' id='word_1_211' title='bbox 1698 3055 1722 3116; x_wconf 97' lang='lat' dir='ltr'><strong>ll</strong></span> <span class='ocrx_word' id='word_1_212' title='bbox 1746 3073 1773 3116; x_wconf 90' lang='lat' dir='ltr'><strong>a.</strong></span> 
     </span>
     <span class='ocr_line' id='line_1_25' title="bbox 382 3158 1775 3240; baseline -0.001 -20"><span class='ocrx_word' id='word_1_213' title='bbox 382 3159 463 3222; x_wconf 88' lang='grc'>1768</span> <span class='ocrx_word' id='word_1_214' title='bbox 488 3178 517 3238; x_wconf 94' lang='lat' dir='ltr'><strong>p.</strong></span> <span class='ocrx_word' id='word_1_215' title='bbox 542 3160 601 3233; x_wconf 90' lang='grc'><strong>61;</strong></span> <span class='ocrx_word' id='word_1_216' title='bbox 626 3165 657 3222; x_wconf 93' lang='lat' dir='ltr'><strong>in</strong></span> <span class='ocrx_word' id='word_1_217' title='bbox 680 3158 799 3238; x_wconf 91' lang='lat' dir='ltr'><strong>Voigtii</strong></span> <span class='ocrx_word' id='word_1_218' title='bbox 823 3161 913 3221; x_wconf 90' lang='lat' dir='ltr'><strong>Actis</strong></span> <span class='ocrx_word' id='word_1_219' title='bbox 938 3161 979 3220; x_wconf 93' lang='lat' dir='ltr'><strong>lit.</strong></span> <span class='ocrx_word' id='word_1_220' title='bbox 1003 3158 1015 3220; x_wconf 94' lang='lat' dir='ltr'><strong>l</strong></span> <span class='ocrx_word' id='word_1_221' title='bbox 1038 3177 1067 3219; x_wconf 93' lang='lat' dir='ltr'><strong>a.</strong></span> <span class='ocrx_word' id='word_1_222' title='bbox 1095 3159 1176 3220; x_wconf 84' lang='lat'>1775</span> <span class='ocrx_word' id='word_1_223' title='bbox 1199 3178 1229 3238; x_wconf 92' lang='lat' dir='ltr'><strong>p.</strong></span> <span class='ocrx_word' id='word_1_224' title='bbox 1254 3159 1340 3238; x_wconf 86' lang='lat'><strong>230),</strong></span> <span class='ocrx_word' id='word_1_225' title='bbox 1377 3177 1461 3240; x_wconf 89' lang='lat' dir='ltr'><strong>quae</strong></span> <span class='ocrx_word' id='word_1_226' title='bbox 1492 3177 1567 3222; x_wconf 92' lang='lat' dir='ltr'><strong>cum</strong></span> <span class='ocrx_word' id='word_1_227' title='bbox 1600 3162 1775 3236; x_wconf 86' lang='lat' dir='ltr'><strong>signaturis</strong></span> 
     </span>
     <span class='ocr_line' id='line_1_26' title="bbox 377 3264 1776 3343; baseline 0.001 -19"><span class='ocrx_word' id='word_1_228' title='bbox 377 3267 515 3343; x_wconf 88' lang='lat' dir='ltr'><strong>catalogi</strong></span> <span class='ocrx_word' id='word_1_229' title='bbox 538 3283 566 3326; x_wconf 91' lang='lat' dir='ltr'><strong>a.</strong></span> <span class='ocrx_word' id='word_1_230' title='bbox 596 3265 672 3327; x_wconf 87' lang='lat'>1781</span> <span class='ocrx_word' id='word_1_231' title='bbox 700 3268 874 3342; x_wconf 88' lang='lat' dir='ltr'><strong>conscripti</strong></span> <span class='ocrx_word' id='word_1_232' title='bbox 898 3268 1031 3323; x_wconf 90' lang='lat' dir='ltr'><strong>omnino</strong></span> <span class='ocrx_word' id='word_1_233' title='bbox 1054 3264 1249 3342; x_wconf 91' lang='lat' dir='ltr'><strong>discrepant.</strong></span> <span class='ocrx_word' id='word_1_234' title='bbox 1295 3264 1379 3328; x_wconf 89' lang='lat' dir='ltr'><strong>Cum</strong></span> <span class='ocrx_word' id='word_1_235' title='bbox 1411 3271 1520 3326; x_wconf 91' lang='lat' dir='ltr'><strong>autem</strong></span> <span class='ocrx_word' id='word_1_236' title='bbox 1551 3269 1583 3326; x_wconf 90' lang='lat' dir='ltr'><strong>in</strong></span> <span class='ocrx_word' id='word_1_237' title='bbox 1615 3264 1660 3327; x_wconf 94' lang='lat' dir='ltr'><strong>lll.</strong></span> <span class='ocrx_word' id='word_1_238' title='bbox 1687 3271 1776 3342; x_wconf 89' lang='lat' dir='ltr'><strong>parte</strong></span> 
     </span>
     <span class='ocr_line' id='line_1_27' title="bbox 380 3364 1776 3446; baseline 0.001 -18"><span class='ocrx_word' id='word_1_239' title='bbox 380 3367 416 3429; x_wconf 89' lang='lat' dir='ltr'><strong>B.</strong></span> <span class='ocrx_word' id='word_1_240' title='bbox 441 3367 564 3429; x_wconf 89' lang='lat' dir='ltr'><strong>Balbini</strong></span> <span class='ocrx_word' id='word_1_241' title='bbox 598 3368 679 3430; x_wconf 90' lang='lat' dir='ltr'><strong>Boh.</strong></span> <span class='ocrx_word' id='word_1_242' title='bbox 714 3369 830 3429; x_wconf 90' lang='lat' dir='ltr'><strong>doctae</strong></span> <span class='ocrx_word' id='word_1_243' title='bbox 853 3385 873 3428; x_wconf 93' lang='lat' dir='ltr'><strong>a</strong></span> <span class='ocrx_word' id='word_1_244' title='bbox 896 3365 931 3430; x_wconf 95' lang='lat' dir='ltr'><strong>C.</strong></span> <span class='ocrx_word' id='word_1_245' title='bbox 956 3365 991 3427; x_wconf 91' lang='lat' dir='ltr'><strong>R.</strong></span> <span class='ocrx_word' id='word_1_246' title='bbox 1015 3364 1128 3445; x_wconf 85' lang='lat' dir='ltr'><strong>Unger</strong></span> <span class='ocrx_word' id='word_1_247' title='bbox 1150 3385 1178 3430; x_wconf 89' lang='lat' dir='ltr'><strong>a.</strong></span> <span class='ocrx_word' id='word_1_248' title='bbox 1207 3369 1290 3432; x_wconf 84' lang='lat'>1780</span> <span class='ocrx_word' id='word_1_249' title='bbox 1323 3370 1428 3430; x_wconf 87' lang='lat' dir='ltr'><strong>editae</strong></span> <span class='ocrx_word' id='word_1_250' title='bbox 1463 3377 1634 3430; x_wconf 90' lang='lat' dir='ltr'><strong>occurrant</strong></span> <span class='ocrx_word' id='word_1_251' title='bbox 1668 3373 1776 3446; x_wconf 93' lang='lat' dir='ltr'><strong>signa·</strong></span> 
     </span>
     <span class='ocr_line' id='line_1_28' title="bbox 379 3473 1775 3550; baseline 0.001 -18"><span class='ocrx_word' id='word_1_252' title='bbox 379 3477 468 3532; x_wconf 87' lang='lat' dir='ltr'><strong>turae</strong></span> <span class='ocrx_word' id='word_1_253' title='bbox 493 3489 569 3532; x_wconf 91' lang='lat' dir='ltr'><strong>cum</strong></span> <span class='ocrx_word' id='word_1_254' title='bbox 593 3473 656 3532; x_wconf 93' lang='lat' dir='ltr'><strong>hoc</strong></span> <span class='ocrx_word' id='word_1_255' title='bbox 680 3473 828 3549; x_wconf 88' lang='lat' dir='ltr'><strong>catalogo</strong></span> <span class='ocrx_word' id='word_1_256' title='bbox 852 3487 987 3549; x_wconf 91' lang='lat' dir='ltr'><strong>prorsus</strong></span> <span class='ocrx_word' id='word_1_257' title='bbox 1003 3477 1231 3550; x_wconf 88' lang='lat' dir='ltr'><strong>congruentes,</strong></span> <span class='ocrx_word' id='word_1_258' title='bbox 1249 3473 1384 3533; x_wconf 91' lang='lat' dir='ltr'><strong>easdem</strong></span> <span class='ocrx_word' id='word_1_259' title='bbox 1402 3473 1569 3534; x_wconf 90' lang='lat' dir='ltr'><strong>codicibus</strong></span> <span class='ocrx_word' id='word_1_260' title='bbox 1593 3474 1775 3550; x_wconf 89' lang='lat' dir='ltr'><strong>adscriptas</strong></span> 
     </span>
     <span class='ocr_line' id='line_1_29' title="bbox 379 3575 1776 3655; baseline 0.001 -20"><span class='ocrx_word' id='word_1_261' title='bbox 379 3592 455 3636; x_wconf 90' lang='lat' dir='ltr'><strong>esse</strong></span> <span class='ocrx_word' id='word_1_262' title='bbox 479 3593 507 3636; x_wconf 91' lang='lat' dir='ltr'><strong>a.</strong></span> <span class='ocrx_word' id='word_1_263' title='bbox 537 3575 750 3637; x_wconf 90' lang='grc'>1770-1780</span> <span class='ocrx_word' id='word_1_264' title='bbox 772 3575 860 3636; x_wconf 93' lang='lat' dir='ltr'><strong>haud</strong></span> <span class='ocrx_word' id='word_1_265' title='bbox 884 3579 1028 3653; x_wconf 89' lang='lat' dir='ltr'><strong>ineptum</strong></span> <span class='ocrx_word' id='word_1_266' title='bbox 1053 3581 1103 3636; x_wconf 90' lang='lat' dir='ltr'><strong>est</strong></span> <span class='ocrx_word' id='word_1_267' title='bbox 1126 3577 1282 3653; x_wconf 91' lang='lat' dir='ltr'><strong>colligere.</strong></span> <span class='ocrx_word' id='word_1_268' title='bbox 1309 3575 1401 3655; x_wconf 80' lang='lat' dir='ltr'><strong>Quas</strong></span> <span class='ocrx_word' id='word_1_269' title='bbox 1424 3576 1641 3655; x_wconf 89' lang='lat' dir='ltr'><strong>adscripsisse</strong></span> <span class='ocrx_word' id='word_1_270' title='bbox 1667 3583 1699 3637; x_wconf 91' lang='lat' dir='ltr'><strong>et</strong></span> <span class='ocrx_word' id='word_1_271' title='bbox 1721 3593 1776 3636; x_wconf 92' lang='lat' dir='ltr'><strong>co-</strong></span> 
     </span>
    </p>
   </div>
   <div class='ocr_carea' id='block_1_4' title="bbox 379 3714 585 3724">
    <p class='ocr_par' dir='ltr' id='par_1_4' title="bbox 379 3714 585 3724">
     <span class='ocr_line' id='line_1_30' title="bbox 379 3714 585 3724; baseline -0.005 -1"><span class='ocrx_word' id='word_1_272' title='bbox 379 3714 585 3724; x_wconf 77' lang='lat'>...—</span> 
     </span>
    </p>
   </div>
   <div class='ocr_carea' id='block_1_5' title="bbox 380 3762 1776 3928">
    <p class='ocr_par' dir='ltr' id='par_1_5' title="bbox 380 3762 1776 3928">
     <span class='ocr_line' id='line_1_31' title="bbox 487 3762 1776 3842; baseline 0 -18"><span class='ocrx_word' id='word_1_273' title='bbox 487 3762 523 3838; x_wconf 72' lang='grc'><strong>17)</strong></span> <span class='ocrx_word' id='word_1_274' title='bbox 547 3769 580 3829; x_wconf 87' lang='grc' dir='ltr'><strong>Β,</strong></span> <span class='ocrx_word' id='word_1_275' title='bbox 604 3769 719 3827; x_wconf 89' lang='lat' dir='ltr'><strong>Balbini</strong></span> <span class='ocrx_word' id='word_1_276' title='bbox 741 3769 815 3827; x_wconf 88' lang='lat' dir='ltr'><strong>Boh.</strong></span> <span class='ocrx_word' id='word_1_277' title='bbox 850 3771 938 3826; x_wconf 84' lang='lat' dir='ltr'><strong>docta</strong></span> <span class='ocrx_word' id='word_1_278' title='bbox 961 3770 1005 3826; x_wconf 88' lang='lat' dir='ltr'><strong>ed.</strong></span> <span class='ocrx_word' id='word_1_279' title='bbox 1029 3767 1130 3838; x_wconf 84' lang='lat' dir='ltr'><strong>Unger</strong></span> <span class='ocrx_word' id='word_1_280' title='bbox 1152 3768 1199 3836; x_wconf 96' lang='lat' dir='ltr'><strong>lll,</strong></span> <span class='ocrx_word' id='word_1_281' title='bbox 1236 3769 1286 3828; x_wconf 83' lang='lat'><strong>70.</strong></span> <span class='ocrx_word' id='word_1_282' title='bbox 1333 3767 1418 3841; x_wconf 80' lang='lat' dir='ltr'><strong>Quod</strong></span> <span class='ocrx_word' id='word_1_283' title='bbox 1442 3785 1509 3825; x_wconf 91' lang='lat' dir='ltr'><strong>vero</strong></span> <span class='ocrx_word' id='word_1_284' title='bbox 1543 3785 1655 3842; x_wconf 85' lang='lat' dir='ltr'><strong>paucos</strong></span> <span class='ocrx_word' id='word_1_285' title='bbox 1685 3771 1776 3826; x_wconf 89' lang='lat' dir='ltr'><strong>libros</strong></span> 
     </span>
     <span class='ocr_line' id='line_1_32' title="bbox 380 3855 1716 3928; baseline 0.001 -16"><span class='ocrx_word' id='word_1_286' title='bbox 380 3865 451 3912; x_wconf 87' lang='lat' dir='ltr'><strong>tunc</strong></span> <span class='ocrx_word' id='word_1_287' title='bbox 475 3859 505 3912; x_wconf 91' lang='lat' dir='ltr'><strong>in</strong></span> <span class='ocrx_word' id='word_1_288' title='bbox 529 3855 666 3912; x_wconf 88' lang='lat' dir='ltr'><strong>Carolino</strong></span> <span class='ocrx_word' id='word_1_289' title='bbox 690 3856 868 3927; x_wconf 80' lang='lat' dir='ltr'><strong>superfuisse</strong></span> <span class='ocrx_word' id='word_1_290' title='bbox 892 3856 963 3912; x_wconf 90' lang='lat' dir='ltr'><strong>dicit</strong></span> <span class='ocrx_word' id='word_1_291' title='bbox 986 3855 1105 3922; x_wconf 76' lang='lat' dir='ltr'><strong>(ibidem</strong></span> <span class='ocrx_word' id='word_1_292' title='bbox 1129 3856 1194 3927; x_wconf 86' lang='lat'><strong>73),</strong></span> <span class='ocrx_word' id='word_1_293' title='bbox 1219 3872 1278 3912; x_wconf 89' lang='lat' dir='ltr'><strong>non</strong></span> <span class='ocrx_word' id='word_1_294' title='bbox 1303 3859 1340 3911; x_wconf 86' lang='lat' dir='ltr'><strong>ad</strong></span> <span class='ocrx_word' id='word_1_295' title='bbox 1363 3857 1482 3912; x_wconf 87' lang='lat' dir='ltr'><strong>verbum</strong></span> <span class='ocrx_word' id='word_1_296' title='bbox 1506 3859 1591 3913; x_wconf 87' lang='lat' dir='ltr'><strong>debet</strong></span> <span class='ocrx_word' id='word_1_297' title='bbox 1614 3859 1716 3928; x_wconf 86' lang='lat' dir='ltr'><strong>accipi.</strong></span> 
     </span>
    </p>
   </div>
   <div class='ocr_carea' id='block_1_6' title="bbox 379 3951 1777 4638">
    <p class='ocr_par' dir='ltr' id='par_1_6' title="bbox 379 3951 1777 4638">
     <span class='ocr_line' id='line_1_33' title="bbox 487 3951 1777 4032; baseline 0 -16"><span class='ocrx_word' id='word_1_298' title='bbox 487 3951 524 4032; x_wconf 78' lang='grc'><strong>18)</strong></span> <span class='ocrx_word' id='word_1_299' title='bbox 548 3959 678 4032; x_wconf 78' lang='lat' dir='ltr'><strong>Quorum</strong></span> <span class='ocrx_word' id='word_1_300' title='bbox 701 3961 905 4030; x_wconf 87' lang='lat' dir='ltr'><strong>inscriptiones</strong></span> <span class='ocrx_word' id='word_1_301' title='bbox 933 3974 988 4015; x_wconf 79' lang='lat' dir='ltr'><strong>»ex</strong></span> <span class='ocrx_word' id='word_1_302' title='bbox 1005 3957 1119 4028; x_wconf 83' lang='lat' dir='ltr'><strong>Owyn«</strong></span> <span class='ocrx_word' id='word_1_303' title='bbox 1145 3966 1311 4030; x_wconf 87' lang='lat' dir='ltr'><strong>supersunt,</strong></span> <span class='ocrx_word' id='word_1_304' title='bbox 1327 3961 1410 4016; x_wconf 89' lang='lat' dir='ltr'><strong>latini</strong></span> <span class='ocrx_word' id='word_1_305' title='bbox 1433 3965 1503 4016; x_wconf 90' lang='lat' dir='ltr'><strong>sunt</strong></span> <span class='ocrx_word' id='word_1_306' title='bbox 1527 3959 1777 4031; x_wconf 66' lang='lat' dir='ltr'><strong>molitionem</strong></span> 
     </span>
     <span class='ocr_line' id='line_1_34' title="bbox 379 4044 1775 4118; baseline 0 -16"><span class='ocrx_word' id='word_1_307' title='bbox 379 4047 478 4118; x_wconf 85' lang='lat' dir='ltr'><strong>inira).</strong></span> <span class='ocrx_word' id='word_1_308' title='bbox 523 4047 692 4118; x_wconf 89' lang='lat' dir='ltr'><strong>Nuperrime</strong></span> <span class='ocrx_word' id='word_1_309' title='bbox 716 4048 760 4101; x_wconf 88' lang='lat' dir='ltr'><strong>vir</strong></span> <span class='ocrx_word' id='word_1_310' title='bbox 782 4047 1014 4103; x_wconf 86' lang='lat' dir='ltr'><strong>humanissimus</strong></span> <span class='ocrx_word' id='word_1_311' title='bbox 1037 4045 1077 4101; x_wconf 92' lang='lat' dir='ltr'><strong>M.</strong></span> <span class='ocrx_word' id='word_1_312' title='bbox 1102 4044 1136 4102; x_wconf 93' lang='grc' dir='ltr'><strong>Ο.</strong></span> <span class='ocrx_word' id='word_1_313' title='bbox 1161 4045 1289 4118; x_wconf 87' lang='lat' dir='ltr'><strong>Sauppe,</strong></span> <span class='ocrx_word' id='word_1_314' title='bbox 1324 4047 1469 4117; x_wconf 88' lang='lat' dir='ltr'><strong>parochus</strong></span> <span class='ocrx_word' id='word_1_315' title='bbox 1501 4046 1775 4116; x_wconf 85' lang='lat' dir='ltr'><strong>Liickendorlensis‚</strong></span> 
     </span>
     <span class='ocr_line' id='line_1_35' title="bbox 380 4133 1776 4204; baseline -0.001 -15"><span class='ocrx_word' id='word_1_316' title='bbox 380 4137 454 4189; x_wconf 87' lang='lat' dir='ltr'><strong>duas</strong></span> <span class='ocrx_word' id='word_1_317' title='bbox 476 4134 617 4190; x_wconf 88' lang='lat' dir='ltr'><strong>librorum</strong></span> <span class='ocrx_word' id='word_1_318' title='bbox 640 4133 756 4188; x_wconf 86' lang='lat' dir='ltr'><strong>tabulas</strong></span> <span class='ocrx_word' id='word_1_319' title='bbox 780 4133 900 4189; x_wconf 85' lang='lat' dir='ltr'><strong>comiter</strong></span> <span class='ocrx_word' id='word_1_320' title='bbox 923 4147 1036 4188; x_wconf 86' lang='lat' dir='ltr'><strong>mecum</strong></span> <span class='ocrx_word' id='word_1_321' title='bbox 1059 4133 1296 4201; x_wconf 89' lang='lat' dir='ltr'><strong>communicavit,</strong></span> <span class='ocrx_word' id='word_1_322' title='bbox 1327 4149 1402 4204; x_wconf 91' lang='lat' dir='ltr'><strong>quos</strong></span> <span class='ocrx_word' id='word_1_323' title='bbox 1426 4150 1451 4190; x_wconf 90' lang='lat' dir='ltr'><strong>a.</strong></span> <span class='ocrx_word' id='word_1_324' title='bbox 1481 4133 1560 4189; x_wconf 87' lang='grc'>1556</span> <span class='ocrx_word' id='word_1_325' title='bbox 1584 4133 1614 4190; x_wconf 90' lang='lat' dir='ltr'><strong>P.</strong></span> <span class='ocrx_word' id='word_1_326' title='bbox 1638 4135 1776 4191; x_wconf 88' lang='lat' dir='ltr'><strong>Canisius</strong></span> 
     </span>
     <span class='ocr_line' id='line_1_36' title="bbox 382 4219 1777 4290; baseline 0.001 -15"><span class='ocrx_word' id='word_1_327' title='bbox 382 4235 418 4275; x_wconf 91' lang='lat' dir='ltr'><strong>ex</strong></span> <span class='ocrx_word' id='word_1_328' title='bbox 443 4223 620 4276; x_wconf 84' lang='lat' dir='ltr'><strong>monasterio</strong></span> <span class='ocrx_word' id='word_1_329' title='bbox 645 4219 795 4290; x_wconf 86' lang='lat' dir='ltr'><strong>Ojvinensi</strong></span> <span class='ocrx_word' id='word_1_330' title='bbox 819 4219 940 4290; x_wconf 88' lang='lat' dir='ltr'><strong>Pragam</strong></span> <span class='ocrx_word' id='word_1_331' title='bbox 970 4223 1134 4276; x_wconf 84' lang='lat' dir='ltr'><strong>devexerat.</strong></span> <span class='ocrx_word' id='word_1_332' title='bbox 1180 4219 1258 4274; x_wconf 90' lang='lat' dir='ltr'><strong>Libri</strong></span> <span class='ocrx_word' id='word_1_333' title='bbox 1288 4221 1319 4275; x_wconf 90' lang='lat' dir='ltr'><strong>in</strong></span> <span class='ocrx_word' id='word_1_334' title='bbox 1348 4221 1385 4275; x_wconf 88' lang='lat' dir='ltr'><strong>iis</strong></span> <span class='ocrx_word' id='word_1_335' title='bbox 1408 4221 1517 4275; x_wconf 89' lang='lat' dir='ltr'><strong>tabulis</strong></span> <span class='ocrx_word' id='word_1_336' title='bbox 1548 4221 1677 4276; x_wconf 88' lang='lat' dir='ltr'><strong>denotati</strong></span> <span class='ocrx_word' id='word_1_337' title='bbox 1709 4227 1777 4276; x_wconf 90' lang='lat' dir='ltr'><strong>sunt</strong></span> 
     </span>
     <span class='ocr_line' id='line_1_37' title="bbox 379 4304 1775 4378; baseline -0.001 -16"><span class='ocrx_word' id='word_1_338' title='bbox 379 4309 491 4363; x_wconf 88' lang='lat' dir='ltr'><strong>circiter</strong></span> <span class='ocrx_word' id='word_1_339' title='bbox 515 4307 586 4373; x_wconf 87' lang='grc'>280,</span> <span class='ocrx_word' id='word_1_340' title='bbox 610 4311 662 4362; x_wconf 89' lang='lat' dir='ltr'><strong>sed</strong></span> <span class='ocrx_word' id='word_1_341' title='bbox 685 4313 744 4362; x_wconf 87' lang='lat' dir='ltr'><strong>tam</strong></span> <span class='ocrx_word' id='word_1_342' title='bbox 767 4305 958 4377; x_wconf 87' lang='lat' dir='ltr'><strong>indilegenter</strong></span> <span class='ocrx_word' id='word_1_343' title='bbox 979 4313 1007 4361; x_wconf 91' lang='lat' dir='ltr'><strong>et</strong></span> <span class='ocrx_word' id='word_1_344' title='bbox 1029 4304 1125 4376; x_wconf 88' lang='lat' dir='ltr'><strong>inepte</strong></span> <span class='ocrx_word' id='word_1_345' title='bbox 1148 4307 1293 4377; x_wconf 91' lang='lat' dir='ltr'><strong>descripti,</strong></span> <span class='ocrx_word' id='word_1_346' title='bbox 1318 4313 1349 4362; x_wconf 87' lang='lat' dir='ltr'><strong>ut</strong></span> <span class='ocrx_word' id='word_1_347' title='bbox 1372 4321 1408 4362; x_wconf 91' lang='lat' dir='ltr'><strong>ne</strong></span> <span class='ocrx_word' id='word_1_348' title='bbox 1430 4322 1520 4362; x_wconf 91' lang='lat' dir='ltr'><strong>unum</strong></span> <span class='ocrx_word' id='word_1_349' title='bbox 1545 4310 1663 4378; x_wconf 91' lang='lat' dir='ltr'><strong>quidem</strong></span> <span class='ocrx_word' id='word_1_350' title='bbox 1682 4323 1719 4362; x_wconf 86' lang='lat' dir='ltr'><strong>ex</strong></span> <span class='ocrx_word' id='word_1_351' title='bbox 1736 4307 1775 4361; x_wconf 82' lang='grc'><strong>24</strong></span> 
     </span>
     <span class='ocr_line' id='line_1_38' title="bbox 379 4389 1776 4465; baseline 0 -17"><span class='ocrx_word' id='word_1_352' title='bbox 379 4395 487 4449; x_wconf 87' lang='lat' dir='ltr'><strong>nostris</strong></span> <span class='ocrx_word' id='word_1_353' title='bbox 517 4394 670 4449; x_wconf 87' lang='lat' dir='ltr'><strong>codicibus</strong></span> <span class='ocrx_word' id='word_1_354' title='bbox 700 4393 740 4448; x_wconf 88' lang='lat' dir='ltr'><strong>ibi</strong></span> <span class='ocrx_word' id='word_1_355' title='bbox 770 4395 946 4464; x_wconf 84' lang='lat' dir='ltr'><strong>agnoverim.</strong></span> <span class='ocrx_word' id='word_1_356' title='bbox 993 4392 1034 4446; x_wconf 89' lang='lat' dir='ltr'><strong>De</strong></span> <span class='ocrx_word' id='word_1_357' title='bbox 1057 4394 1142 4448; x_wconf 87' lang='lat' dir='ltr'><strong>tertia</strong></span> <span class='ocrx_word' id='word_1_358' title='bbox 1170 4389 1310 4448; x_wconf 83' lang='lat' dir='ltr'><strong>librorum</strong></span> <span class='ocrx_word' id='word_1_359' title='bbox 1333 4407 1370 4447; x_wconf 88' lang='lat' dir='ltr'><strong>ex</strong></span> <span class='ocrx_word' id='word_1_360' title='bbox 1392 4391 1497 4462; x_wconf 90' lang='lat' dir='ltr'><strong>Ojvino</strong></span> <span class='ocrx_word' id='word_1_361' title='bbox 1528 4399 1655 4461; x_wconf 89' lang='lat' dir='ltr'><strong>vectura,</strong></span> <span class='ocrx_word' id='word_1_362' title='bbox 1688 4409 1776 4465; x_wconf 89' lang='lat' dir='ltr'><strong>quarn</strong></span> 
     </span>
     <span class='ocr_line' id='line_1_39' title="bbox 379 4479 1775 4552; baseline -0.001 -16"><span class='ocrx_word' id='word_1_363' title='bbox 379 4497 405 4538; x_wconf 91' lang='lat' dir='ltr'><strong>a.</strong></span> <span class='ocrx_word' id='word_1_364' title='bbox 435 4480 513 4537; x_wconf 83' lang='grc'>1560</span> <span class='ocrx_word' id='word_1_365' title='bbox 539 4480 567 4537; x_wconf 91' lang='lat' dir='ltr'><strong>P.</strong></span> <span class='ocrx_word' id='word_1_366' title='bbox 585 4479 733 4535; x_wconf 86' lang='lat' dir='ltr'><strong>Hurtadus</strong></span> <span class='ocrx_word' id='word_1_367' title='bbox 757 4480 842 4535; x_wconf 88' lang='lat' dir='ltr'><strong>Perez</strong></span> <span class='ocrx_word' id='word_1_368' title='bbox 865 4479 1031 4551; x_wconf 84' lang='lat' dir='ltr'><strong>perfecerat,</strong></span> <span class='ocrx_word' id='word_1_369' title='bbox 1057 4495 1150 4550; x_wconf 89' lang='lat' dir='ltr'><strong>neque</strong></span> <span class='ocrx_word' id='word_1_370' title='bbox 1174 4479 1292 4550; x_wconf 90' lang='lat' dir='ltr'><strong>Sauppe</strong></span> <span class='ocrx_word' id='word_1_371' title='bbox 1308 4479 1468 4551; x_wconf 89' lang='lat' dir='ltr'><strong>quidquam</strong></span> <span class='ocrx_word' id='word_1_372' title='bbox 1487 4483 1601 4551; x_wconf 86' lang='lat' dir='ltr'><strong>accepit</strong></span> <span class='ocrx_word' id='word_1_373' title='bbox 1612 4496 1706 4552; x_wconf 90' lang='lat' dir='ltr'><strong>neque</strong></span> <span class='ocrx_word' id='word_1_374' title='bbox 1722 4495 1775 4551; x_wconf 91' lang='lat' dir='ltr'><strong>ego</strong></span> 
     </span>
     <span class='ocr_line' id='line_1_40' title="bbox 383 4567 1221 4638; baseline -0.002 -15"><span class='ocrx_word' id='word_1_375' title='bbox 383 4567 471 4623; x_wconf 91' lang='lat' dir='ltr'><strong>didici</strong></span> <span class='ocrx_word' id='word_1_376' title='bbox 495 4575 607 4638; x_wconf 90' lang='lat' dir='ltr'><strong>praeter</strong></span> <span class='ocrx_word' id='word_1_377' title='bbox 630 4567 668 4636; x_wconf 88' lang='lat' dir='ltr'><strong>id,</strong></span> <span class='ocrx_word' id='word_1_378' title='bbox 692 4569 769 4637; x_wconf 87' lang='lat' dir='ltr'><strong>quod</strong></span> <span class='ocrx_word' id='word_1_379' title='bbox 793 4567 919 4622; x_wconf 79' lang='lat' dir='ltr'><strong>Hanslilr</strong></span> <span class='ocrx_word' id='word_1_380' title='bbox 943 4567 1026 4622; x_wconf 88' lang='lat' dir='ltr'><strong>relert</strong></span> <span class='ocrx_word' id='word_1_381' title='bbox 1049 4567 1080 4635; x_wconf 89' lang='lat' dir='ltr'><strong>(l.</strong></span> <span class='ocrx_word' id='word_1_382' title='bbox 1106 4582 1131 4622; x_wconf 92' lang='lat' dir='ltr'><strong>c.</strong></span> <span class='ocrx_word' id='word_1_383' title='bbox 1156 4567 1221 4637; x_wconf 88' lang='grc'><strong>44).</strong></span> 
     </span>
    </p>
   </div>
   <div class='ocr_carea' id='block_1_7' title="bbox 380 4661 1776 4916">
    <p class='ocr_par' dir='ltr' id='par_1_7' title="bbox 380 4661 1776 4916">
     <span class='ocr_line' id='line_1_41' title="bbox 490 4661 1776 4746; baseline 0 -20"><span class='ocrx_word' id='word_1_384' title='bbox 490 4661 525 4746; x_wconf 81' lang='lat'><strong>¹⁹)</strong></span> <span class='ocrx_word' id='word_1_385' title='bbox 548 4669 624 4726; x_wconf 89' lang='lat' dir='ltr'><strong>Data</strong></span> <span class='ocrx_word' id='word_1_386' title='bbox 647 4671 803 4726; x_wconf 87' lang='lat' dir='ltr'><strong>occasione</strong></span> <span class='ocrx_word' id='word_1_387' title='bbox 825 4672 872 4726; x_wconf 89' lang='lat' dir='ltr'><strong>hic</strong></span> <span class='ocrx_word' id='word_1_388' title='bbox 896 4673 1183 4727; x_wconf 87' lang='lat' dir='ltr'><strong>commemorandam</strong></span> <span class='ocrx_word' id='word_1_389' title='bbox 1215 4687 1280 4728; x_wconf 90' lang='lat' dir='ltr'><strong>esse</strong></span> <span class='ocrx_word' id='word_1_390' title='bbox 1303 4679 1374 4742; x_wconf 89' lang='lat' dir='ltr'><strong>puto</strong></span> <span class='ocrx_word' id='word_1_391' title='bbox 1398 4671 1501 4726; x_wconf 88' lang='lat' dir='ltr'><strong>seriem</strong></span> <span class='ocrx_word' id='word_1_392' title='bbox 1525 4671 1660 4728; x_wconf 89' lang='lat' dir='ltr'><strong>codicum</strong></span> <span class='ocrx_word' id='word_1_393' title='bbox 1684 4672 1776 4728; x_wconf 88' lang='lat' dir='ltr'><strong>histo-</strong></span> 
     </span>
     <span class='ocr_line' id='line_1_42' title="bbox 380 4756 1775 4828; baseline 0 -16"><span class='ocrx_word' id='word_1_394' title='bbox 380 4761 505 4812; x_wconf 89' lang='lat' dir='ltr'><strong>ricorum</strong></span> <span class='ocrx_word' id='word_1_395' title='bbox 541 4757 734 4813; x_wconf 89' lang='lat' dir='ltr'><strong>bibliothecae</strong></span> <span class='ocrx_word' id='word_1_396' title='bbox 758 4757 966 4828; x_wconf 91' lang='lat' dir='ltr'><strong>Clementinae‚</strong></span> <span class='ocrx_word' id='word_1_397' title='bbox 1001 4774 1091 4828; x_wconf 90' lang='lat' dir='ltr'><strong>quam</strong></span> <span class='ocrx_word' id='word_1_398' title='bbox 1114 4757 1294 4812; x_wconf 87' lang='lat' dir='ltr'><strong>clarissimus</strong></span> <span class='ocrx_word' id='word_1_399' title='bbox 1318 4760 1361 4813; x_wconf 88' lang='lat' dir='ltr'><strong>vir</strong></span> <span class='ocrx_word' id='word_1_400' title='bbox 1383 4756 1412 4814; x_wconf 83' lang='lat' dir='ltr'><strong>F.</strong></span> <span class='ocrx_word' id='word_1_401' title='bbox 1438 4757 1479 4815; x_wconf 90' lang='lat' dir='ltr'><strong>M.</strong></span> <span class='ocrx_word' id='word_1_402' title='bbox 1502 4757 1596 4812; x_wconf 90' lang='lat' dir='ltr'><strong>Peizel</strong></span> <span class='ocrx_word' id='word_1_403' title='bbox 1619 4759 1697 4828; x_wconf 90' lang='lat' dir='ltr'><strong>operi</strong></span> <span class='ocrx_word' id='word_1_404' title='bbox 1721 4773 1775 4812; x_wconf 89' lang='lat' dir='ltr'><strong>suo</strong></span> 
     </span>
     <span class='ocr_line' id='line_1_43' title="bbox 383 4843 1776 4916; baseline -0.001 -18"><span class='ocrx_word' id='word_1_405' title='bbox 383 4843 607 4914; x_wconf 86' lang='lat' dir='ltr'><strong>›Kurzgelasste</strong></span> <span class='ocrx_word' id='word_1_406' title='bbox 630 4843 735 4903; x_wconf 89' lang='lat' dir='ltr'><strong>Gesch.</strong></span> <span class='ocrx_word' id='word_1_407' title='bbox 767 4848 796 4902; x_wconf 92' lang='lat' dir='ltr'><strong>d.</strong></span> <span class='ocrx_word' id='word_1_408' title='bbox 820 4844 970 4900; x_wconf 81' lang='lat' dir='ltr'><strong>Biihmen«</strong></span> <span class='ocrx_word' id='word_1_409' title='bbox 997 4843 1018 4912; x_wconf 91' lang='lat' dir='ltr'><strong>l,</strong></span> <span class='ocrx_word' id='word_1_410' title='bbox 1050 4844 1123 4914; x_wconf 85' lang='lat' dir='ltr'><strong>Prag</strong></span> <span class='ocrx_word' id='word_1_411' title='bbox 1150 4843 1230 4901; x_wconf 83' lang='lat'>1774</span> <span class='ocrx_word' id='word_1_412' title='bbox 1253 4861 1281 4916; x_wconf 89' lang='lat' dir='ltr'><strong>p.</strong></span> <span class='ocrx_word' id='word_1_413' title='bbox 1307 4845 1369 4900; x_wconf 89' lang='grc'><strong>654</strong></span> <span class='ocrx_word' id='word_1_414' title='bbox 1400 4846 1514 4900; x_wconf 86' lang='lat' dir='ltr'><strong>adiecit.</strong></span> <span class='ocrx_word' id='word_1_415' title='bbox 1560 4844 1592 4899; x_wconf 92' lang='lat' dir='ltr'><strong>In</strong></span> <span class='ocrx_word' id='word_1_416' title='bbox 1616 4861 1673 4916; x_wconf 91' lang='lat' dir='ltr'><strong>qua</strong></span> <span class='ocrx_word' id='word_1_417' title='bbox 1704 4847 1776 4899; x_wconf 86' lang='lat' dir='ltr'><strong>serie</strong></span> 
     </span>
    </p>
   </div>
   <div class='ocr_carea' id='block_1_8' title="bbox 379 4931 1777 5076">
    <p class='ocr_par' dir='ltr' id='par_1_8' title="bbox 379 4931 1777 5076">
     <span class='ocr_line' id='line_1_44' title="bbox 379 4931 1777 5003; baseline 0 -18"><span class='ocrx_word' id='word_1_418' title='bbox 379 4933 516 5002; x_wconf 90' lang='lat' dir='ltr'><strong>perpauci</strong></span> <span class='ocrx_word' id='word_1_419' title='bbox 547 4935 664 4986; x_wconf 88' lang='lat' dir='ltr'><strong>codices</strong></span> <span class='ocrx_word' id='word_1_420' title='bbox 700 4937 768 4987; x_wconf 93' lang='lat' dir='ltr'><strong>sunt</strong></span> <span class='ocrx_word' id='word_1_421' title='bbox 802 4933 959 5002; x_wconf 89' lang='lat' dir='ltr'><strong>signaturis</strong></span> <span class='ocrx_word' id='word_1_422' title='bbox 995 4938 1136 4993; x_wconf 86' lang='lat' dir='ltr'><strong>carentes.</strong></span> <span class='ocrx_word' id='word_1_423' title='bbox 1172 4935 1300 4986; x_wconf 87' lang='lat' dir='ltr'><strong>attamen</strong></span> <span class='ocrx_word' id='word_1_424' title='bbox 1333 4931 1477 5001; x_wconf 90' lang='lat' dir='ltr'><strong>nonnulli,</strong></span> <span class='ocrx_word' id='word_1_425' title='bbox 1511 4933 1561 5003; x_wconf 90' lang='lat' dir='ltr'><strong>qui</strong></span> <span class='ocrx_word' id='word_1_426' title='bbox 1592 4947 1670 4986; x_wconf 91' lang='lat' dir='ltr'><strong>nunc</strong></span> <span class='ocrx_word' id='word_1_427' title='bbox 1700 4931 1777 4986; x_wconf 90' lang='lat' dir='ltr'><strong>desi·</strong></span> 
     </span>
     <span class='ocr_line' id='line_1_45' title="bbox 379 5017 1263 5076; baseline 0.001 -4"><span class='ocrx_word' id='word_1_428' title='bbox 379 5020 526 5076; x_wconf 88' lang='lat' dir='ltr'><strong>derantur.</strong></span> <span class='ocrx_word' id='word_1_429' title='bbox 1261 5017 1263 5024; x_wconf 60' lang='lat'><strong><em>⁴</em></strong></span> 
     </span>
    </p>
   </div>
   <div class='ocr_carea' id='block_1_9' title="bbox 0 0 1996 6004">
    <p class='ocr_par' dir='ltr' id='par_1_9' title="bbox 0 0 1996 6004">
     <span class='ocr_line' id='line_1_46' title="bbox 0 0 1996 6004; baseline 0 0"><span class='ocrx_word' id='word_1_430' title='bbox 0 0 1996 6004; x_wconf 95' lang='lat' dir='ltr'><strong> </strong></span> 
     </span>
    </p>
   </div>
  </div>
 </body>
</html>
