3938 6010
846 562 927 623 1224

289 773 321 829 In
345 773 482 844 operculo
505 772 586 830 infer.
612 779 786 828 annotatum
810 779 870 829 est:
899 772 941 829 »1.
967 772 998 828 L.
1022 771 1063 829 M.
1087 773 1122 828 Α.
1140 773 1174 830 D.
1196 774 1307 832 1601.«
1333 774 1366 830 In
1383 775 1477 831 fronte
1494 775 1513 830 I.
1535 777 1585 832 1⁸:

184 859 403 916 ‚Bibliothecae
426 863 565 915 minoris«
593 859 701 930 (addez
727 859 842 930 collegii
866 859 896 915 S.
920 859 945 915 J.
971 858 1170 931 Clementini).

288 1028 382 1108 1222
768 1026 847 1104 VII.
875 1029 921 1103 A.
951 1028 1010 1102 14.

183 1133 980 1249 amaumffimmammem

184 1289 420 1353 »Gnomonica
441 1289 618 1366 Facilitate,
642 1307 706 1352 seu
728 1291 886 1352 Tabellae
909 1289 1149 1368 gnomonicae,
1174 1306 1311 1369 quarum
1336 1307 1399 1368 ope
1417 1292 1586 1369 horologia

182 1379 325 1439 solaria.
347 1429 352 1438 .
374 1426 380 1440 .
400 1378 611 1452 delineantur,
637 1382 778 1455 partim.
799 1376 1072 1440 ..combinatae
1095 1381 1209 1456 partim
1234 1394 1275 1437 ex
1299 1378 1445 1456 probatis
1468 1380 1582 1438 autho-

180 1465 270 1525 ribus
294 1465 487 1542 desumptae
512 1481 532 1525 a
555 1464 593 1527 P.
617 1463 807 1542 Theophilo
831 1463 1040 1538 Kherbaum,
1076 1481 1103 1524 S.
1128 1463 1198 1524 ord.
1234 1463 1369 1526 Cisterc.
1405 1468 1482 1542 regii
1514 1481 1584 1526 mo·

178 1556 270 1614 nast.
294 1552 337 1612 de
358 1551 462 1613 Plass
485 1550 658 1628 professo.
683 1551 780 1612 Anno
807 1548 918 1613 1153.«
946 1549 1002 1628 (75
1025 1549 1057 1612 ff.
1083 1557 1192 1612 textus
1216 1567 1292 1611 curn
1333 1550 1370 1612 16
1406 1553 1470 1611 tab.
1505 1569 1586 1630 geo·

800 1641 967 1710 metricis.)

288 1744 358 1800 Sine
382 1745 472 1800 dubio
495 1759 532 1799 ex
556 1750 682 1801 monast.
708 1743 867 1800 Plassensi.

286 1911 381 2010 1223
761 1928 838 2006 Vn.
868 1929 913 2005 Α.
942 1929 1002 2004 15.

178 2069 290 2130 chart.
313 2087 400 2130 saec.
423 2067 548 2132 XVIII
566 2068 653 2151 (post
675 2088 707 2132 α.
730 2070 830 2145 1748)
844 2068 892 2148 ff
916 2069 991 2144 150,
1013 2069 1152 2132 34)(21
1179 2087 1243 2132 cm.
1277 2070 1295 2131 1
1322 2089 1367 2131 m.
1392 2069 1540 2152 (autogr.
1549 2071 1580 2150 7)

185 2154 317 2218 »Grave
339 2155 548 2234 principium
571 2156 752 2234 regiminis
777 2205 784 2218 .
810 2205 816 2218 .
842 2203 848 2216 .
873 2156 1004 2218 Mariae
1029 2156 1215 2218 'Iberesiae
1238 2156 1316 2218 sive
1345 2157 1585 2220 Memorabilia

183 2243 321 2305 ...ab
344 2260 374 2305 a.
400 2241 483 2305 1740
507 2291 514 2304 .
539 2288 547 2304 .
572 2289 580 2304 .
604 2243 731 2322 (usque
754 2246 798 2306 ad
821 2261 850 2306 a.
885 2241 983 2322 1148)
1018 2249 1128 2322 gratae
1164 2248 1342 2322 posteritati
1378 2246 1494 2306 tradita
1528 2262 1585 2323 per

174 2328 353 2391 Ioannem
376 2328 540 2392 Carolum
562 2329 749 2409 Aloysium
771 2330 873 2392 Rohn
896 2377 904 2390 .
930 2379 936 2389 .
962 2377 969 2390 .
995 2348 1021 2391 s.
1046 2331 1115 2390 ord.
1133 2335 1373 2409 crucigerorum
1390 2348 1465 2392 cum
1482 2333 1583 2392 rubeo

597 2417 695 2478 corde
714 2463 722 2478 .
742 2465 748 2478 .
769 2467 776 2480 .
797 2470 802 2480 .
827 2423 1021 2479 canonicum
1046 2418 1164 2496 regul«

286 2521 372 2594 Operi
395 2524 521 2579 insertae
545 2531 615 2578 sunt
639 2524 656 2579 5
680 2525 800 2580 tabulae
822 2522 856 2599 (4
880 2527 940 2579 aeri
963 2524 1085 2592 incisae,
1110 2540 1236 2596 quarum
1258 2527 1352 2596 prima
1375 2539 1501 2596 repraes
1529 2525 1581 2580 de·

176 2607 387 2664 lineationem
409 2609 528 2681 Pragae
552 2625 579 2665 a.
607 2608 688 2666 1142
712 2615 888 2681 occupatae
911 2611 1074 2682 sculptore
1098 2610 1275 2680 Birckhart,
1312 2628 1373 2667 una
1395 2613 1509 2667 calamo
1533 2614 1583 2667 de-

178 2696 310 2766 lineata),
334 2695 378 2751 Ex
401 2697 469 2754 bibl.
497 2703 624 2753 monast.
650 2695 843 2768 Cyriacorum
866 2697 949 2768 Prag.

284 2881 383 2962 1224
758 2879 837 2958 VII.
866 2883 911 2959 A.
940 2884 1002 2958 10.

176 3020 385 3100 Fragmenta
407 3023 628 3084 diversorum
651 3023 811 3085 codicum
834 3022 1024 3085 latinorum
1040 3023 1185 3100 minora,
1210 3041 1293 3104 quae
1311 3029 1420 3085 tamen
1444 3023 1580 3085 alicuius

587 3115 664 3171 sunt
687 3115 852 3188 momenti,
878 3111 997 3171 chartis
1021 3112 1174 3172 involuta.

286 3231 306 3294 Ι.
331 3229 575 3304 Fragmentum
599 3231 781 3293 cuiusdam
804 3231 897 3292 vitae
921 3248 968 3293 ss.
993 3230 1116 3308 Cyrilli
1146 3239 1181 3294 et
1203 3231 1381 3294 Methodii.
1405 3229 1580 3292 Dimidium

173 3317 244 3378 ‘folii
268 3319 446 3378 membran.
472 3335 513 3378 ex
537 3319 681 3396 quodam
706 3319 864 3379 breviario
888 3334 980 3380 saec.
1006 3318 1082 3380 XIV
1107 3323 1215 3380 sumti.

287 3403 321 3465 ll.
344 3403 554 3481 Fragmenta
576 3404 770 3466 formularii
795 3421 885 3467 saec.
908 3403 998 3480 XIV,
1023 3422 1088 3484 quo
1112 3405 1271 3466 Iohannis
1297 3404 1472 3465 Dohemiae
1496 3409 1581 3482 regis

178 3492 286 3551 literae
310 3493 567 3552 continebantur.
592 3491 611 3550 2
637 3491 667 3551 ff.
692 3493 793 3552 chart.
818 3493 858 3552 de
883 3493 1045 3569 operculis
1069 3493 1142 3552 cod.
1168 3490 1251 3552 XIV.
1277 3491 1310 3552 F.
1336 3491 1354 3551 2
1380 3497 1499 3552 sumta.

282 3577 329 3639 111.
352 3577 598 3655 Fragmentum
631 3577 816 3654 protocolli
850 3577 1090 3655 inquisitionis
1113 3577 1355 3641 waldensium
1389 3576 1519 3654 Pragae
1549 3592 1579 3638 a.

180 3662 351 3724 1393-94
384 3663 578 3726 institutae.
623 3664 690 3725 Fol.
726 3666 826 3726 chart.
862 3671 1007 3726 sumtum
1043 3665 1083 3725 de
1126 3667 1279 3744 operculo
1304 3664 1376 3726 cod.
1400 3663 1438 3723 V.
1463 3663 1504 3725 H.
1532 3663 1578 3724 19.

176 3730 1079 3827 <mmmdmwmmmfflffln

286 3836 337 3898 IV.
362 3836 568 3915 Fragmenta
582 3837 825 3915 inquisitionis
849 3838 1090 3899 waldensium
1114 3855 1143 3900 a.
1164 3837 1247 3900 1400
1269 3836 1465 3916 Tyrnoviae
1481 3836 1580 3918 insti·

177 3929 284 3986 tutae.
309 3921 376 3984 Sex
399 3929 571 4002 segmenta
594 3925 693 3985 chart.
719 3925 758 3985 de
783 3927 944 4002 operculis
968 3926 1041 3987 cod.
1066 3925 1105 3987 X.
1129 3923 1169 3987 H.
1202 3925 1220 3986 7
1246 3931 1363 3986 sumta.
1411 3922 1474 3998 (Cf.
1499 3921 1575 3987 Cas.

179 4012 252 4071 hist.
281 4009 373 4077 1903,
400 4007 565 4071 »Faberek
589 4011 662 4082 64«,
689 4029 718 4090 p.
740 4011 826 4086 196.)

286 4096 324 4158 V.
350 4097 556 4175 Fragmenta
578 4097 655 4158 libri
678 4103 901 4175 acceptorum
936 4103 970 4159 et
993 4115 1231 4176 expensorum
1266 4097 1451 4159 lat-boh.
1486 4096 1580 4158 Petri

180 4183 363 4246 castellani
384 4183 645 4247 Rotsteinensis
669 4202 699 4245 a.
726 4185 807 4246 1403
831 4190 867 4246 et
893 4184 985 4261 1404,
1009 4191 1119 4246 sumta
1142 4187 1181 4246 de
1206 4185 1278 4246 cod.
1304 4184 1342 4244 X.
1368 4183 1401 4245 F.
1426 4183 1468 4244 23
1493 4183 1576 4262 (par-

181 4251 807 4346 mmmfflnmumm

286 4355 338 4417 Vl.
361 4355 569 4435 Fragmenta
590 4355 631 4419 53
655 4363 812 4420 actorum
835 4357 1095 4420 iudiciariorum
1117 4356 1281 4420 officialis
1303 4357 1456 4435 archiep.
1479 4356 1577 4435 Prag.

176 4460 209 4505 a.
236 4441 329 4515 1311,
356 4442 439 4505 1380
462 4451 497 4506 et
523 4444 614 4516 1389,
639 4453 748 4506 sumta
771 4446 811 4505 de
835 4447 996 4524 operculis
1027 4445 1100 4505 cod.
1132 4443 1182 4506 IV.
1214 4445 1253 4506 A.
1293 4445 1339 4516 15,
1376 4443 1427 4504 IV.
1462 4443 1497 4506 B.
1527 4443 1575 4516 10,

179 4529 231 4593 IV.
256 4529 295 4591 D.
320 4530 360 4590 22
385 4531 449 4608 (ed.
473 4528 584 4592 Tadra
606 4532 676 4592 Act.
701 4533 767 4592 iud.
792 4531 856 4605 Vll,
884 4531 1077 4604 181-216).

286 4616 352 4680 VII.
375 4615 583 4694 Fragmenta
608 4616 648 4678 16
682 4625 839 4680 actorum
873 4618 1132 4680 iudiciariorum
1166 4617 1317 4694 archiep.
1354 4615 1449 4695 Prag.
1485 4633 1576 4692 saec.

176 4703 265 4775 XIV,
290 4711 400 4765 sumta
423 4705 463 4765 de
487 4707 648 4782 operculis
672 4707 823 4766 codicum
848 4705 894 4766 III.
919 4703 957 4766 D.
983 4703 1013 4779 7,
1037 4702 1088 4765 IV.
1114 4702 1150 4766 C.
1175 4704 1204 4777 9,
1228 4703 1268 4764 V.
1293 4707 1331 4765 A.
1345 4703 1374 4776 7,
1397 4702 1436 4765 V.
1461 4704 1498 4766 A.
1524 4703 1576 4778 21,

178 4789 218 4851 V.
242 4789 280 4852 D.
298 4790 345 4861 17,
369 4789 678 4864 V1.h.18‚v111.ss.
696 4792 744 4864 15,
768 4790 845 4852 Vlll.
870 4791 905 4852 B.
934 4791 982 4862 16,
1006 4791 1045 4853 X.
1070 4790 1104 4851 F.
1133 4791 1171 4851 15
1194 4792 1258 4866 (ed.
1284 4791 1360 4852 ibid.
1379 4789 1575 4864 217-246).

282 4875 359 4940 VIII.
382 4876 628 4956 Fragmentum
651 4879 841 4940 membran.
865 4878 995 4940 codicis
1012 4895 1102 4940 saec.
1118 4877 1190 4955 XII,
1214 4894 1283 4955 quo
1306 4877 1468 4939 Caesaris
1484 4894 1578 4939 com·

180 4964 342 5026 mentarii
366 4965 408 5026 de
432 4965 522 5026 bello
545 4965 668 5044 gallico
692 4965 969 5027 continebantur.
1015 4963 1200 5043 Supersunt
1224 4965 1290 5025 duo
1313 4963 1398 5036 folia,
1438 4980 1578 5042 quorum

178 5055 299 5131 pagina
322 5055 421 5113 altera
444 5059 568 5113 textum
593 5055 644 5113 lib.
668 5051 733 5115 Vll.
758 5052 809 5125 27,
822 5051 973 5126 3-29,4
997 5059 1028 5113 et
1050 5051 1103 5126 33,
1116 5050 1267 5123 3-35,3
1292 5051 1431 5122 exhibet,
1468 5055 1499 5111 in
1534 5052 1578 5112 al·

854 5277 904 5325 477
