3974 6014
1009 615 1051 674 32

434 820 488 901 32
939 821 967 896 I.
996 821 1042 898 A.
1069 823 1130 898 24.

330 961 439 1024 chart.
464 964 598 1043 autogr.
621 977 707 1023 saec.
732 959 856 1023 XVIII
874 963 967 1040 (anta
989 979 1023 1023 a.
1047 963 1146 1036 1751)
1164 962 1204 1044 ff.
1228 963 1304 1037 379,
1325 963 1372 1024 35
1383 962 1477 1041 ><22
1500 979 1564 1023 cm.

438 1081 744 1161 »Fragmentorum
774 1081 980 1162 sapientum
1013 1084 1109 1146 Tom.
1140 1084 1197 1146 ΙΙιΙΙ
1232 1082 1354 1144 bl—Z«
1393 1082 1538 1162 (auctore
1576 1081 1757 1160 Iosepho.

332 1171 477 1232 Ernesto
500 1166 684 1249 Barisien).

435 1277 517 1334 Torn.
541 1277 552 1332 1
576 1280 735 1333 eorundem
758 1277 997 1348 Fragmentorum
1019 1293 1057 1334 v:
1081 1276 1144 1333 VII.
1168 1277 1200 1334 B.
1225 1277 1255 1333 4.
1280 1275 1489 1347 Supplementa
1511 1275 1625 1347 Fragm.
1649 1292 1686 1331 v.
1710 1275 1732 1331 l.

331 1364 367 1419 Α.
397 1363 433 1418 16
457 1365 497 1436 (a,
523 1365 550 1432 b,
575 1365 604 1436 c)
635 1365 681 1419 Ab
705 1370 823 1420 auctore
854 1367 922 1421 don.
948 1381 974 1420 a.
1003 1366 1083 1420 1166
1115 1364 1185 1420 bibl.
1218 1363 1333 1433 collegii
1358 1361 1388 1418 S.
1412 1362 1437 1418 J.
1463 1365 1499 1419 ad
1524 1363 1553 1421 S.
1577 1363 1732 1434 ignatium.

437 1531 493 1612 33
935 1533 965 1609 I.
992 1532 1038 1608 A.
1066 1532 1127 1609 25.

335 1671 442 1733 chart.
467 1675 602 1753 autogr.
626 1690 659 1734 a.
682 1673 771 1735 1735
779 1672 826 1754 ff.
848 1673 922 1746 310,
945 1671 1093 1750 33><21
1118 1689 1180 1733 cm.

441 1793 775 1871 »Haeresiographia
808 1811 868 1854 seu
892 1793 1105 1872 Consignatio
1136 1793 1330 1867 Haeresum,
1361 1809 1445 1870 quae
1480 1811 1500 1852 a
1534 1797 1733 1870 reparatione

334 1880 445 1940 mundi
469 1881 511 1940 ad
535 1887 647 1942 nostra
677 1897 782 1959 usque
815 1888 962 1960 tempora
984 1885 1253 1942 insurrexerunt.
1289 1925 1295 1939 .
1333 1881 1493 1940 ,collecta
1516 1885 1547 1940 et
1570 1881 1612 1940 ad
1636 1895 1733 1940 usum

333 1971 497 2045 proprium
528 1972 720 2045 consignata
750 1968 826 2029 aP.
850 1967 876 2029 J.
901 1968 937 2028 E.
961 1967 997 2029 B.
1028 1967 1198 2047 (Iosepho
1228 1965 1378 2028 Ernesto
1409 1961 1591 2044 Barisien).
1619 1965 1728 2028 1735.«

436 2072 480 2128 Ex
504 2075 702 2130 munificentia
734 2073 770 2130 V.
795 2074 828 2130 D.
853 2074 915 2131 Jos.
939 2074 1080 2142 Barisien,
1115 2075 1276 2146 presbyteri
1299 2075 1404 2130 eccles
1430 2075 1598 2130 benemeriti
1630 2075 1735 2130 biblio-

334 2159 455 2215 thecarii
480 2159 513 2216 C.
538 2160 568 2216 P.
593 2161 804 2233 archiepiscopi
829 2161 953 2232 collegio
977 2162 1007 2218 S.
1032 2161 1057 2219 J.
1082 2161 1240 2232 Neo-Prag.
1264 2163 1392 2216 donatus
1420 2162 1510 2218 1771.

438 2326 497 2407 ³4
524 2326 579 2406 ss
935 2329 964 2404 J.
993 2329 1041 2428 A,
1068 2329 1129 2404 aa

338 2464 474 2530 Codices
497 2469 563 2529 duo
586 2468 694 2530 cltorl.
718 2487 750 2531 a.
775 2469 860 2531 1750
871 2467 917 2550 ff
939 2469 1077 2532 30o28
1098 2485 1203 2542 truaa,
1224 2469 1268 2530 33
1281 2469 1373 2540 ><21
1398 2485 1462 2530 cm.
1487 2468 1518 2530 d.
1543 2485 1587 2530 m.

440 2589 508 2662 (Tit.
534 2594 599 2648 cod.
624 2593 673 2664 a):
697 2589 818 2652 Codex
849 2589 1140 2652 constitutionum
1170 2589 1432 2666 particularium
1462 2587 1596 2651 ordinis
1619 2587 1735 2650 Cruci·

335 2690 497 2751 gerorum
521 2693 601 2738 cum
623 2677 730 2739 rubeo
754 2678 858 2739 corde
882 2679 924 2738 de
947 2675 1167 2738 Poenitentia
1199 2675 1387 2738 Beatorum
1409 2674 1614 2754 Martyrum,
1638 2691 1735 2736 cano-

336 2765 482 2822 nicorum
514 2763 706 2839 regularium
738 2761 771 2825 S.
795 2762 917 2824 illariae
941 2763 981 2822 de
1012 2761 1148 2823 Metride
1172 2759 1260 2822 Urbe
1284 2765 1347 2824 sub
1370 2763 1481 2840 regula
1504 2759 1537 2824 S.
1562 2763 1734 2839 Augustini

335 2847 465 2925 Pragae
488 2848 599 2909 veteri
621 2847 831 2911 Boimorum
847 2853 891 2911 ad
907 2849 1091 2911 ecclesiam
1107 2849 1140 2912 S.
1158 2848 1278 2911 Crucis
1294 2847 1436 2932 Majoris
1453 2849 1639 2926 degentium
1664 2895 1671 2910 .
1696 2895 1702 2909 .
1727 2895 1734 2908 .

340 2934 431 2996 1750.
456 2933 571 3013 (Manu
594 2933 665 2997 Joh.
691 2935 763 2998 Car.
788 2935 881 2998 Rohn
905 2935 1083 3014 exaratus)

440 3037 460 3100 1.
485 3037 540 3098 29·
562 3037 702 3100 Nomina
732 3045 964 3102 canonicorum
996 3045 1153 3114 omnium,
1184 3044 1238 3118 qui
1269 3041 1310 3100 ad
1343 3040 1583 3101 observantiam
1615 3043 1735 3100 eonsti-

337 3128 497 3186 tutionum
528 3143 564 3186 se
595 3128 811 3204 obstringunt,
847 3131 983 3206 propriis
1014 3131 1167 3189 manibus
1191 3133 1301 3188 notata
1324 3144 1399 3187 cum
1424 3127 1527 3205 sigillo
1551 3130 1735 3204 praepositi.

441 3227 461 3290 1.
486 3224 643 3290 29b-3Ob
667 3228 878 3291 Confirmatio
902 3232 1080 3292 earundem
1097 3235 1365 3292 constitutionum
1382 3249 1439 3308 per
1454 3231 1734 3308 archiepiscopum
1770 3287 1775 3298 ,

336 3313 602 3481 }.illb)l.a(r}c.hicec})m.
627 3317 667 3376 de
698 3315 949 3378 Manderscheid
981 3336 1024 3379 m.
1048 3337 1077 3397 p.
1103 3319 1287 3397 subscripta
1314 3319 1360 3379 15.
1385 3317 1455 3378 Jan.
1492 3316 1571 3377 1162
1596 3334 1671 3378 cum
1696 3322 1738 3377 si·

441 3503 522 3567 Cod.
548 3507 568 3567 b
591 3507 725 3566 eaedem
751 3511 999 3568 constitutiones
1023 3513 1228 3570 continentur
1250 3513 1479 3586 transscriptae
1497 3507 1556 3566 sed
1573 3511 1643 3567 sine
1661 3507 1737 3566 sub·

337 3596 509 3669 scriptione
533 3599 564 3653 et
587 3593 842 3655 confirmatione.

441 3697 644 3755 Verisimiliter
666 3715 702 3756 ex
725 3717 803 3757 mon.
828 3699 858 3758 S.
883 3701 986 3757 Crucis
1009 3701 1050 3758 M.

442 3865 495 3947 36
937 3869 972 3943 I.
1000 3870 1046 3946 A.
1073 3870 1133 3946 27.

338 4005 447 4068 chart.
469 4024 555 4068 saec.
578 4005 687 4069 XVII
695 4009 739 4091 ff
762 4008 813 4082 43,
836 4009 985 4083 30><21
1010 4027 1073 4070 cm.
1097 4011 1115 4072 1
1140 4028 1184 4071 tn.

442 4127 722 4191 Constitutiones
753 4138 787 4192 et
817 4132 956 4193 decreta
985 4129 1190 4207 pontificum
1221 4127 1410 4190 maximam
1440 4131 1576 4206 partem
1606 4127 1650 4189 ad
1680 4143 1738 4189 res

338 4215 553 4277 monasticas
576 4221 612 4277 et
633 4219 844 4280 haereticam
867 4217 1077 4295 pravitatem
1099 4215 1304 4294 spectantia.

442 4318 462 4379 1.
491 4319 501 4379 1
530 4318 727 4381 Constitutio
758 4320 934 4383 Clementis
963 4319 1033 4380 Vlll
1064 4321 1105 4380 de
1141 4321 1304 4396 largitione
1340 4335 1512 4378 munerum
1536 4318 1737 4395 regularibus

338 4405 514 4479 interdicta,
539 4407 569 4466 d.
598 4406 689 4468 1594.

441 4508 461 4570 1.
486 4504 520 4568 5¹³
544 4509 754 4573 Confirmatio
778 4513 925 4573 eiusdem
950 4530 1007 4590 per
1029 4509 1199 4572 Urbanum
1221 4507 1301 4582 VIII,
1325 4509 1356 4568 d.
1385 4507 1476 4569 1640.

442 4611 462 4673 1.
486 4613 520 4674 8·
543 4613 738 4676 Constitutio
769 4613 891 4677 Urbani
922 4615 991 4676 Vlll
1022 4615 1062 4674 de
1094 4614 1294 4690 regularibus
1324 4617 1484 4688 apostatis
1508 4617 1539 4671 et
1563 4612 1674 4688 ejectis
1698 4627 1736 4671 ac

339 4699 379 4758 de
403 4703 620 4770 innovatione,
645 4702 860 4763 declaratione
885 4711 916 4763 et
939 4704 1147 4763 observantia
1170 4699 1368 4776 generalium
1393 4699 1597 4758 decretorum
1621 4715 1641 4756 a
1664 4695 1735 4759 Cle·

339 4791 445 4846 mente
470 4785 547 4854 Vlll.
571 4789 612 4848 ad
638 4791 829 4867 regularium
854 4789 1114 4850 reformationem
1139 4789 1398 4862 novitiorumque
1423 4789 1640 4862 receptionem
1665 4801 1738 4861 spe-

338 4877 503 4941 ctantium,
528 4875 696 4938 editorum.
721 4875 760 4937 D.
784 4893 812 4937 a.
841 4877 931 4936 1624.

442 4975 462 5037 1.
487 4975 1009 5040 ’19110151101101160111611.
1035 4978 1074 5038 dc
1098 4977 1312 5037 celebratione
1337 4979 1513 5034 missarum
1537 4991 1576 5034 ac
1601 4974 1640 5033 de
1666 4991 1737 5051 pro-

338 5063 490 5124 hibitione
522 5067 590 5126 illas
621 5067 811 5128 moderandi
837 5083 895 5126 seu
920 5065 1105 5132 reducendi,
1142 5079 1201 5123 nec
1226 5079 1291 5123 non
1316 5063 1356 5122 de
1381 5063 1558 5122 earundem
1584 5063 1737 5120 oneribus

1031 5289 1046 5337 8
