4048 6012
1037 583 1100 642 222

472 786 551 865 222
968 789 996 863 J.
1024 789 1066 862 E.
1094 790 1156 864 37.

369 926 478 988 citari.
501 943 560 987 cca
583 944 615 987 α.
640 926 725 988 1172
743 926 783 1008 ff.
806 926 872 989 416
892 945 996 1002 uum„
1019 929 1107 990 22><
1121 931 1163 991 16
1184 947 1247 991 cm.
1271 930 1426 990 inaximo
1449 947 1486 990 ex
1511 932 1611 1010 parte
1633 929 1678 990 ab
1705 928 1766 992 Ud.

372 1007 477 1074 Crura
499 1013 540 1073 de
567 1011 593 1073 T
592 1014 658 1074 elce
681 1017 846 1075 exaratus
866 1016 918 1076 vel
940 1017 1105 1078 collectus,

474 1135 492 1194 i.
523 1137 555 1195 la
578 1139 766 1208 (membran.)
791 1135 972 1212 liegistrum
997 1153 1186 1197 sermonum
1210 1139 1420 1214 compilatum
1445 1156 1464 1197 a
1488 1139 1524 1200 C.
1542 1138 1582 1198 de
1598 1136 1648 1212 T.,
1672 1141 1766 1197 cuius

370 1225 400 1280 in
426 1221 529 1282 ironte
553 1223 634 1282 baec
658 1227 796 1282 occurrit
819 1229 911 1282 nota:
941 1223 1028 1301 »Ego
1046 1224 1081 1285 ir.
1106 1222 1203 1284 Crux
1219 1224 1260 1284 de
1277 1223 1375 1286 Telcz
1391 1229 1572 1302 conscripsi
1589 1225 1650 1284 hos
1668 1241 1766 1284 manu

370 1313 498 1386 propria
522 1325 691 1368 sermones
716 1313 747 1368 in
772 1311 883 1370 seculo
907 1314 1053 1370 existens
1077 1317 1108 1371 et
1131 1327 1215 1390 quos
1240 1311 1331 1370 solus
1355 1329 1421 1372 non
1445 1315 1544 1389 potui,
1572 1315 1766 1390 appreciari,

370 1401 401 1454 et
424 1398 550 1472 aliquos
574 1405 746 1456 sexternos
770 1397 811 1454 ab
835 1399 904 1455 aliis
929 1397 1025 1457 habui
1050 1398 1175 1457 datos«

474 1499 494 1559 s.
522 1495 555 1558 lb
578 1499 812 1578 adglutinatum
837 1503 963 1576 insigne
988 1501 1061 1561 bibl.
1087 1501 1355 1579 Rosenbergicae.

474 1603 662 1664 Sermones
686 1602 816 1665 diversi
839 1621 900 1680 per
922 1609 1036 1666 totum
1058 1605 1194 1668 collecti
1228 1611 1264 1667 et
1297 1606 1489 1667 maximam
1528 1611 1661 1683 partem
1686 1622 1768 1667 exa·

371 1689 437 1750 rati
461 1706 481 1750 a
504 1688 614 1751 Cruce
638 1691 679 1751 de
701 1688 809 1762 Talea,
834 1692 953 1768 quibus
976 1695 1097 1752 inserta
1119 1701 1196 1752 sunt
1219 1693 1299 1752 baec
1338 1693 1498 1770 opuscula
1533 1697 1664 1752 maioris
1699 1709 1768 1752 mo-

371 1781 468 1836 menti
493 1777 543 1836 rel
568 1777 741 1854 adscriptis
764 1783 859 1838 annis
884 1782 1049 1854 insignita:

476 1880 494 1940 1.
524 1877 577 1942 lib
600 1874 736 1942 Hadani
757 1877 1024 1943 milosrdenstvr'
1045 1901 1063 1943 s
1086 1876 1346 1958 spravedlnostr'
1375 1876 1458 1959 pied
1496 1884 1622 1945 behem
1655 1899 1678 1944 v
1702 1884 1768 1943 den

373 1962 496 2044 sudny.
523 1966 793 2028 »blilosrdensturi
818 1968 885 2028 die:
911 1968 1023 2029 Pomni
1047 1977 1158 2029 oleae«
1186 1971 1218 2026 ><
1243 1987 1346 2047 »genz
1371 1987 1406 2028 se
1440 1973 1568 2031 mucziti
1594 1969 1683 2030 budu
1709 1971 1768 2029 bez

372 2055 497 2113 ltoncze
523 2057 682 2132 naivielry.
708 2056 843 2115 Amen«.

475 2157 495 2218 i.
521 2154 578 2216 23b
601 2157 723 2220 Sermo
753 2160 795 2219 de
830 2175 921 2220 novo
956 2176 1048 2220 anno
1082 2159 1411 2220 latino-bohemicus
1445 2159 1612 2236 (fortasse
1646 2159 1769 2221 Crucis

373 2244 511 2322 ipsius).

476 2331 496 2392 i.
520 2331 577 2390 35ι
601 2330 793 2392 Bernhardi
817 2331 951 2393 abbatis
974 2349 1113 2394 carmen
1143 2335 1200 2392 »de
1225 2338 1427 2409 contemptu
1458 2334 1577 2394 mundi
1601 2341 1636 2394 et
1658 2333 1769 2395 homi-

372 2419 430 2482 nis
454 2418 605 2480 vilitate<
633 2417 714 2478 lnc.:
742 2421 844 2478 »t'um
869 2435 943 2478 sum
968 2421 1092 2479 mundo
1117 2423 1320 2480 moriturus«

476 2505 496 2566 i.
520 2503 648 2566 80-82
673 2506 827 2584 (anepigrl
850 2505 973 2566 Jacobi
997 2509 1039 2566 de
1061 2504 1206 2568 Teramo
1229 2505 1468 2583 (Ancharano)
1492 2503 1674 2568 Tractatus
1698 2521 1770 2566 mo·

374 2591 562 2654 narchialis
585 2597 666 2666 (non
690 2591 833 2670 integer).
862 2591 1014 2653 »Reddite
1039 2610 1102 2670 que
1127 2599 1203 2653 sunt
1237 2597 1359 2653 cesaris
1395 2597 1516 2653 cesari«
1543 2594 1575 2648 ><
1602 2593 1770 2652 »transdu-

373 2696 444 2738 cere
470 2680 583 2738 dolose
608 2679 843 2748 interfecerunt,
868 2685 902 2739 ut
926 2678 1006 2741 Gen.
1031 2679 1074 2739 34
1098 2682 1216 2757 penult.
1241 2697 1332 2756 cap«

477 2765 497 2826 i.
522 2765 564 2826 85
586 2764 760 2828 Johannis
789 2766 1004 2843 »capistrani
1028 2765 1085 2827 vel
1108 2767 1328 2829 bosakonum
1351 2765 1473 2826 Sermo
1496 2767 1538 2826 de
1562 2766 1771 2826 resurrecci·
1863 2820 1869 2828 .

374 2869 441 2914 one
465 2858 710 2912 mortuorum«

479 2938 498 3000 f.
522 2937 564 2997 99
587 2937 754 3000 Eiusdem
778 2938 900 2999 Sermo
923 2940 965 3000 de
989 2955 1082 3000 novo
1107 2940 1298 3001 sacerdote.

478 3025 496 3085 i.
529 3023 603 3084 106Ει
627 3029 657 3085 in
682 3031 825 3102 margine
849 3025 992 3088 Zlomek
1007 3021 1108 3102 pisne'r
1124 3021 1404 3104 protihusitskr'e:
1430 3021 1605 3102 »Prosmyl
1623 3027 1772 3085 su'ateho

375 3111 575 3184 lVaczlau'a,
610 3129 694 3188 genz
718 3119 792 3189 gest
814 3111 942 3172 Czeske
967 3117 1070 3172 remie
1094 3113 1210 3185 hlaiva,
1237 3114 1256 3173 l<
1282 3119 1371 3173 tomo
1394 3113 1542 3172 suutelro
1565 3110 1771 3190 Woytiecbn,

382 3205 415 3258 at
439 3195 553 3259 triane
578 3199 666 3277 busy
689 3199 732 3258 do
756 3201 912 3260 miccina».

479 3283 498 3346 i.
528 3282 927 3363 106i›anzessrlgsem
963 3304 995 3345 w
1019 3287 1145 3346 deu-'icti
1181 3288 1302 3346 czizicb
1340 3285 1546 3345 brziessecb«
1584 3291 1643 3344 ete.
1680 3283 1772 3356 (Pars

377 3375 499 3448 speculi
524 3371 743 3432 confessionis
767 3373 920 3446 behem).

480 3457 499 3519 i.
529 3457 605 3520 113·
627 3458 856 3519 Bernhardini
879 3460 921 3520 da
943 3458 1063 3520 Bustis
1087 3460 1130 3518 ad
1153 3458 1292 3519 Sixtum
1307 3457 1353 3518 IV
1368 3474 1493 3535 papam
1513 3474 1652 3518 carmen
1665 3457 1773 3517 intro·

377 3543 507 3605 ducens
531 3543 686 3606 officium
709 3545 950 3622 conceptionis
973 3547 1002 3606 b.
1027 3545 1174 3623 virginis
1198 3551 1233 3608 ct
1255 3547 1360 3606 breve
1383 3546 1541 3606 eiusdem
1564 3560 1673 3622 papae
1696 3542 1772 3605 offl-

377 3630 469 3692 cium
494 3630 706 3693 confirmans
730 3634 760 3692 4.
785 3639 851 3694 oct.
881 3631 970 3694 1480.
994 3632 1086 3704 (Pars
1110 3633 1214 3693 codici
1238 3637 1342 3692 serius
1367 3636 1509 3708 inserta).

481 3735 499 3795 i.
529 3735 728 3795 1211-152ὴ
756 3737 884 3814 »Incipit
913 3736 1038 3797 Passio
1068 3742 1232 3812 excerpta
1261 3751 1305 3796 ex
1335 3735 1502 3811 passione
1533 3733 1678 3796 Jordani
1702 3733 1771 3794 Au·

377 3821 592 3898 guatinensis
616 3828 651 3884 et
674 3823 754 3884 aliis
778 3824 1002 3900 quibusdam·
1028 3822 1210 3883 bohemica
1243 3813 1372 3900 (Pasije
1396 3817 1496 3898 podle
1531 3820 1643 3882 sedmi
1666 3820 1772 3881 hodin

378 3901 580 3985 kneisky'cn
603 3901 810 3988 rozdelene'.)
835 3907 927 3970 Poe:
955 3909 1144 3969 »llizhledni
1162 3927 1181 3968 a
1197 3913 1291 3969 vezin
1315 3909 1420 3968 u’edle
1444 3910 1710 3986 podobenstu'ie‹
1740 3909 1765 3962 ’λ

381 3995 538 4072 »Explicit
560 3995 674 4056 Passio
698 4003 771 4067 (etc.
797 4004 967 4074 utsupra)
999 4014 1055 4073 per
1078 4013 1129 4055 mc
1165 3995 1314 4056 Crucem
1339 3999 1369 4055 in
1393 3993 1486 4055 Nova
1510 3994 1611 4055 Plzna
1638 3991 1718 4054 1472
1741 3998 1771 4052 in

378 4083 485 4159 vigilia
508 4079 650 4142 Simonis
674 4095 706 4142 et
739 4083 821 4143 lude
856 4083 1080 4160 interpretata
1104 4083 1237 4142 domino
1262 4083 1390 4142 Andree
1414 4081 1454 4140 de
1472 4081 1570 4142 Plana
1587 4082 1725 4158 plebano
1741 4085 1771 4140 in

379 4173 507 4229 civitate
531 4167 794 4229 Boleslaviensi.‹
821 4169 904 4243 (Jest
928 4181 959 4230 to
984 4167 1071 4229 ludii
1095 4167 1159 4228 dilo
1184 4165 1276 4227 unte
1301 4166 1463 4235 same'iro.)

483 4254 503 4314 i.
532 4255 590 4314 175
614 4257 778 4320 (absoluto
802 4274 952 4316 sermone
977 4257 1017 4315 de
1041 4260 1139 4316 armis
1163 4255 1292 4324 Christi,
1316 4259 1410 4314 cuius
1427 4254 1503 4314 lolia
1518 4272 1538 4313 a
1555 4254 1685 4330 ligatore
1709 4253 1772 4313 dis-

379 4345 460 4402 iecta
495 4348 601 4409 sumtu
639 4341 818 4420 »Scriptum
844 4347 874 4402 in
899 4341 996 4402 Plana
1019 4342 1181 4402 dominico
1206 4349 1281 4418 post
1304 4342 1465 4401 Ambrosii
1490 4358 1518 4400 a.
1549 4339 1627 4402 1172
1649 4357 1705 4417 per
1721 4357 1772 4399 me

380 4427 517 4488 l'rucem
542 4429 581 4487 de
605 4427 661 4489 T.-

482 4513 501 4574 i.
532 4512 730 4576 179e„134n
758 4515 960 4576 »Sermones
985 4515 1026 4575 de
1049 4514 1215 4592 passione
1249 4511 1413 4592 Styeltne«
1439 4517 1502 4586 (z
1522 4513 1566 4576 Μ.
1601 4511 1774 4574 Jotiannis

380 4579 520 4674 Stekna,
545 4603 754 4680 predicatoris
780 4607 810 4662 in
835 4602 1022 4669 Betlehem).

483 4687 502 4748 1,
528 4688 590 4750 212
615 4688 773 4750 Historia
795 4689 836 4748 de
861 4689 1062 4749 inventione
1087 4703 1115 4746 s,
1139 4685 1262 4746 erucis.

483 4773 503 4834 i.
529 4774 699 4835 225-236
723 4773 947 4836 Protbemata
969 4789 1170 4835 sermonum
1197 4771 1304 4833 »linita
1338 4791 1395 4851 per
1429 4791 1546 4833 manus
1582 4773 1708 4850 plebani
1733 4773 1772 4831 de

381 4861 581 4921 t'zacbrou«
619 4863 816 4938 (dividetur
839 4879 925 4922 saec.
950 4860 1022 4920 xlv
1046 4878 1095 4920 ex.
1121 4861 1171 4918 rel
1195 4858 1254 4918 XV
1278 4865 1343 4926 in).

484 4947 503 5008 i.
529 4947 590 5007 237
626 4947 748 5010 Sermo
785 4951 826 5008 de
850 4951 880 5009 b.
914 4947 1051 5024 virgine
1088 4947 1193 5008 »doct
1226 4945 1424 5008 Wenceslai
1448 4947 1489 5007 de
1512 4943 1716 5006 Krzizanow
1739 4945 1774 5004 in

381 5029 485 5093 Plzna
507 5034 703 5112 predicatus
731 5033 839 5096 rtet«

1062 5256 1094 5305 86
