3974 6014
891 611 912 674 8

747 699 1058 708 ——-——-—=

309 819 334 900 6
813 818 842 894 I.
871 819 917 894 A.
944 819 981 894 5.

207 960 314 1024 citari.
337 976 426 1022 saec.
450 957 556 1022 XVII
574 976 620 1022 ex.
633 959 679 1042 ff.
703 959 859 1022 42111111.
883 960 1110 1022 33)(221111.
1134 962 1152 1021 1
1177 977 1222 1020 m.

315 1083 336 1143 1.
364 1083 394 1142 1·
418 1083 544 1160 (Titulus
570 1101 658 1140 manu
672 1085 825 1140 recentiori
835 1085 857 1156 :)
879 1081 1036 1143 Historia
1050 1081 1165 1160 regiae
1180 1079 1276 1142 urbis
1292 1079 1433 1142 Launae
1449 1081 1490 1139 ab
1513 1095 1605 1140 anno

211 1169 291 1232 1511
315 1168 500 1247 (usquead
524 1186 552 1228 a.
582 1167 680 1244 1631)
712 1169 912 1230 combinata
941 1173 977 1230 et
1005 1168 1204 1246 conscripta
1227 1184 1334 1244 opera
1355 1165 1505 1228 Joannis
1529 1165 1605 1228 Flo·

209 1256 297 1318 riani
318 1255 630 1317 Hammcrscbrnid.

317 1361 338 1420 1.
363 1354 569 1420 2·-4211)1
594 1357 707 1419 Louna
729 1364 817 1438 regni
842 1359 1018 1420 Bohemiae
1042 1364 1129 1438 regia
1152 1364 1289 1420 civitate.

318 1464 339 1524 1.
364 1463 407 1523 3¹.
432 1461 480 1524 De
504 1467 702 1524 monasterio
741 1461 904 1524 Launensi
939 1463 1060 1523 ordinis
1095 1462 1128 1523 S.
1163 1461 1284 1523 Mariae
1318 1461 1532 1539 Magdalenae
1567 1461 1607 1522 de

212 1555 408 1630 poenitentia
431 1551 558 1628 (auctor
581 1551 715 1610 subscr:
739 1549 893 1626 Raphael
916 1548 1191 1628 Mniscbowsky,
1215 1554 1270 1628 qui
1293 1550 1313 1626 †
1341 1549 1445 1625 1644).

319 1641 351 1696 In
375 1641 469 1696 fronte
492 1640 650 1710 tegumenti
674 1640 819 1694 chartacei
844 1641 891 1695 hic
914 1641 1017 1696 titulus
1040 1641 1182 1696 occurrit:
1205 1639 1380 1694 »Memoriae
1402 1639 1508 1708 Regiae
1532 1636 1611 1693 Civi-

213 1729 281 1784 tatis
303 1727 432 1782 Launae.
457 1725 492 1782 G.
518 1725 552 1782 G.
577 1726 644 1796 G.‹‚
668 1728 717 1797 qui
742 1728 815 1782 satis
838 1721 1064 1796 congruit'cum
1088 1725 1610 1782 11181111111-11111111111111111111111111

215 1815 366 1870 1111111111
391 1795 474 1884 (Vae.
497 1811 575 1870 Mus.
604 1813 684 1868 1834
708 1815 763 1868 sub
787 1829 865 1868 nurn.
893 1808 947 1888 55)
970 1814 1155 1884 consignato.

318 1982 343 2062 7
820 1979 849 2056 I.
878 1981 926 2058 A.
955 1983 990 2055 6.

217 2123 325 2184 chori.
344 2119 422 2202 pict.
446 2121 511 2184 202
534 2121 639 2182 tobtrl.
665 2139 757 2183 ortem.
781 2137 866 2182 saec.
890 2119 978 2182 XVI
994 2121 1133 2182 32><21
1159 2137 1223 2183 cm.

326 2243 454 2324 (Titulus
478 2261 566 2302 manu
590 2263 648 2304 rec.
672 2247 702 2302 in
726 2247 816 2302 ironte
840 2248 900 2305 tab.
930 2248 942 2301 l
969 2247 1127 2317 inscriptus
1149 2247 1197 2302 1111
1221 2241 1295 2323 esu)

219 2347 414 2411 simulacra
434 2347 634 2424 Principum
658 2347 820 2410 Austriae
843 2365 862 2410 e
885 2347 998 2410 Domo
1020 2346 1259 2426 Habsburgica
1289 2353 1323 2408 et
1346 2346 1511 2409 nobilium
1544 2351 1617 2406 tarn

220 2435 384 2497 Austriae
408 2451 513 2512 quam
536 2434 681 2496 Sueciae
704 2435 740 2496 in
763 2434 912 2496 ecclesia
935 2433 1236 2513 Koenigsieldensi
1259 2433 1296 2495 in
1316 2433 1480 2496 Helvetia
1502 2431 1619 2510 sepul-

327 2529 445 2583 torum
469 2538 514 2582 ex
535 2521 727 2598 parietibus
751 2522 909 2599 ejusdem
932 2527 1095 2584 vetustae
1117 2521 1285 2584 ecclesiae
1315 2523 1510 2599 desumpta.

328 2625 349 2686 1.
378 2627 408 2686 1·
430 2625 580 2686 Andreas
605 2643 661 2685 rex
685 2623 859 2703 Ungan'ae.
884 2625 904 2685 1.
922 2625 956 2684 2·
978 2625 1144 2686 Elisabeth
1160 2629 1271 2703 regina
1287 2625 1519 2686 Romanorum.
1544 2623 1564 2682 1.
1582 2617 1616 2682 21

222 2713 331 2790 Imago
366 2719 507 2773 monast.
552 2711 753 2789 Konigsield.
796 2729 883 2773 saec.
925 2709 1007 2784 XVI,
1042 2711 1062 2772 1.
1098 2711 1132 2772 3·
1165 2713 1278 2790 Agnes
1313 2717 1423 2790 regina
1456 2709 1619 2788 Ungariae

222 2799 399 2875 (fundatrix
422 2805 563 2860 monast.
588 2797 894 2876 Konigsseldensis).
919 2799 939 2859 1.
963 2793 998 2858 41
1022 2798 1181 2860 Rudollus
1205 2817 1262 2860 rex
1286 2798 1517 2860 Romanorum.
1542 2796 1562 2856 1.
1587 2797 1607 2856 5

223 2885 334 2963 Imago
357 2889 441 2946 arcis
464 2884 641 2970 Hab'sburg
664 2903 751 2946 saec.
775 2884 857 2951 xii.
882 2885 902 2946 1.
927 2885 962 2945 6·
984 2884 1143 2946 Rudolius
1159 2903 1216 2946 rex
1232 2885 1419 2946 Bohemiae.
1443 2885 1464 2946 1.
1481 2879 1621 2963 619111-

226 2973 325 3033 modo
349 2971 537 3032 interiectus
562 2976 603 3032 sit
626 2973 778 3032 ,libertus
802 2989 859 3032 rex
882 2989 902 3032 a
924 2971 1073 3033 Iohanne
1097 2972 1266 3034 Parricida.
1291 2972 1312 3032 1.
1337 2972 1370 3032 7·
1393 2973 1544 3032 tilbertus
1561 2969 1622 3031 110-

229 3076 401 3120 manorum
427 3075 483 3119 rex
504 3065 564 3119 etc.
590 3059 610 3119 1.
640 3058 691 3118 16·
713 3057 845 3136 Herzog
868 3057 1026 3137 Leopoldt
1061 3077 1127 3120 von
1151 3047 1336 3120 Osterreich
1371 3060 1404 3138 (†
1431 3057 1512 3119 1386
1535 3058 1623 3136 apud

233 3144 421 3224 Sempach).
459 3192 466 3206 .
495 3144 546 3204 17·
569 3143 661 3205 Hans
684 3163 750 3206 von
782 3143 983 3206 Ochenstein
1018 3145 1106 3222 (curn
1137 3147 1198 3206 hac
1229 3153 1307 3207 nota
1338 3145 1537 3224 marginali:)
1573 3146 1623 3204 bie

226 3235 344 3310 voigen
367 3233 452 3292 nach
476 3232 561 3292 Acht
583 3232 650 3292 und
675 3231 840 3309 Zwainzig
858 3231 982 3293 Herren
1013 3250 1052 3293 so
1076 3231 1207 3310 Herzog
1230 3232 1388 3310 Leopoldt
1411 3231 1492 3292 Rath
1517 3231 1624 3291 seindt

226 3325 361 3396 gewest.
393 3319 415 3379 1.
450 3319 506 3378 44·
535 3317 646 3396 Gedrg
677 3318 939 3380 Kucbemeister
968 3335 1029 3378 aus
1061 3319 1258 3393 Schwaben‚
1295 3319 1386 3380 Rath.
1432 3318 1493 3379 Hie
1516 3319 1623 3379 haben

227 3405 355 3483 Herzog
377 3405 563 3483 Leopolden
588 3403 670 3465 1111111
697 3410 749 3466 ein
772 3405 868 3466 Endt.
892 3405 913 3466 1.
938 3405 992 3466 70·
1016 3405 1091 3467 Otto
1122 3405 1292 3484 Meninger
1322 3408 1380 3467 der
1410 3405 1512 3466 Linkh
1544 3405 1623 3482 (cum

228 3502 297 3551 nota
320 3497 473 3566 marginali
483 3491 505 3570 1)
532 3493 602 3552 »bis
625 3492 684 3552 aui
704 3493 780 3552 dato
804 3493 912 3554 seindt
935 3492 999 3553 210
1021 3493 1106 3553 Jahr.
1136 3493 1246 3554 litua«
1273 3495 1356 3568 (Ideo
1373 3499 1467 3552 codex
1482 3495 1626 3551 vetustior

230 3589 281 3650 est,
304 3599 392 3654 quarn
416 3589 498 3654 putat
523 3582 672 3648 Hansiik.)

336 3685 452 3742 Titulus
475 3688 506 3742 in
529 3685 622 3741 ironte
646 3687 805 3756 inscriptus
828 3701 888 3742 non
911 3695 956 3742 est
979 3693 1143 3756 accuratus,
1178 3703 1245 3743 narn
1279 3688 1309 3743 in
1333 3688 1434 3743 codice
1469 3694 1626 3742 occurrunt

234 3775 319 3829 etiam
342 3775 449 3844 depicti
473 3773 587 3828 nobiles
610 3772 710 3842 Suevi,
734 3772 1027 3844 Wirtembergenses,
1061 3773 1238 3830 Alsacenses
1273 3781 1301 3830 et
1335 3791 1362 3830 a.
1401 3773 1472 3828 »Die
1496 3773 1624 3842 abgebii·

232 3863 316 3916 deten
339 3859 486 3916 Personen
509 3861 576 3915 sind
599 3875 665 3914 zum
689 3859 771 3914 Theil
794 3861 833 3915 im
857 3857 970 3930 konigl.
996 3859 1096 3928 Ornat,
1120 3877 1186 3916 zum
1217 3861 1297 3916 Theil
1322 3863 1351 3916 in
1384 3861 1473 3915 voiler
1495 3859 1629 3928 Rtistung

232 3947 260 4002 in
283 3947 421 4001 betender
443 3945 576 4016 Stellung
605 3947 659 4001 aui
684 3947 765 4002 ihren
799 3947 1083 4018 Wappenschildern
1121 3948 1245 4002 lcnieend
1277 3948 1452 4018 dargestellt,
1490 3947 1628 4000 wahrend

234 4037 282 4088 der
306 4033 549 4103 eigenthiimlicbe
574 4031 800 4088 Schmuckhelm
825 4043 932 4090 sammt
955 4031 1089 4104 Zugeho'r
1111 4037 1177 4089 dern
1214 4033 1328 4105 Haupte
1360 4033 1443 4102 jedes
1478 4035 1630 4088 einzelnen

232 4119 336 4176 Ritters
358 4135 410 4174 zur
433 4119 510 4175 Seite
541 4121 709 4189 abgebildet
739 4121 903 4175 erscheint«
937 4121 1075 4190 (Hanslik
1108 4121 1138 4176 S.
1172 4121 1258 4191 61³).
1303 4119 1336 4175 In
1371 4122 1508 4191 operculo
1532 4135 1628 4189 super.

233 4209 334 4262 eadem
356 4222 471 4274 manus,
495 4222 569 4277 quac
601 4207 716 4262 titulum
740 4207 935 4278 inscripserat,
959 4209 1129 4266 annotavit:
1157 4215 1289 4278 »emptus
1314 4208 1354 4263 26
1377 4207 1425 4263 tl«

338 4373 365 4456 8
842 4373 873 4450 I.
900 4373 946 4451 A.
976 4377 1010 4450 7.

236 4516 342 4578 chart.
366 4531 455 4577 saec.
478 4511 585 4576 XVII
603 4517 633 4575 et
655 4511 780 4575 XVIII
795 4510 832 4595 ff.
857 4517 916 4576 111
943 4516 1297 4592 1111111.,30><20111.
1320 4515 1350 4576 d.
1376 4535 1422 4577 tn.

345 4635 365 4695 1.
394 4637 424 4695 1·
445 4634 591 4697 »Anima
605 4635 756 4712 genuina
770 4634 947 4697 Historiae
968 4635 1131 4698 Publicae
1154 4641 1356 4700 nostrorum
1379 4645 1577 4715 temporum
1593 4638 1635 4698 ab

238 4739 265 4784 a
291 4720 374 4784 1519
397 4738 460 4783 seu
483 4721 564 4783 idea
586 4721 847 4785 Macbiavellica
870 4723 1099 4799 sesquiseculi
1123 4721 1311 4786 Gallicani«
1331 4730 1391 4786 etc.
1408 4723 1636 4802 (Supplemen-

239 4815 305 4869 tum
329 4809 497 4887 quoddam
521 4809 589 4869 libri
612 4813 797 4886 germanici,
822 4813 876 4888 qui
903 4813 988 4892 »boc
1010 4827 1104 4872 anno
1130 4809 1211 4872 1615
1235 4811 1352 4889 prodiit
1375 4812 1438 4871 sub
1463 4809 1638 4872 1111111111-

241 4896 417 4956 chiaveilus
440 4894 631 4974 Gallicus«)

242 5067 270 5126 d.
346 4982 367 5042 1.
392 4977 448 5042 611
475 4979 562 5042 »Nos
585 4983 637 5042 hic
661 4983 793 5043 tandein
817 4989 920 5044 toturn
956 4989 1126 5044 1111111111
1156 4990 1305 5044 nostrum
1336 4983 1476 5044 idealern
1502 4965 1635 5044 conclu-

264 5085 379 5129 mua«
