4048 6012
1027 580 1091 642 338

467 781 487 844 i.
516 781 713 845 1790—-191b
736 785 913 850 Deutsche
937 788 1066 850 Gebete
1089 807 1132 850 zu
1155 789 1222 851 den
1244 789 1321 850 vier
1342 789 1591 868 Evangelisten
1606 790 1677 852 und
1700 807 1761 852 zur

359 866 488 930 Mutter
511 868 634 932 Gottes
669 874 780 951 (vergi.
812 873 900 936 Kelle
931 880 963 937 in
994 874 1173 954 Serapeum
1211 876 1286 938 1861
1318 875 1351 940 S.
1375 877 1462 952 375).
1487 877 1619 950 (Preces
1643 879 1705 938 hae
1728 882 1760 938 in

359 953 424 1016 fine
448 973 585 1018 mancae
610 959 711 1038 sunt.)

463 1127 548 1208 333
964 1135 993 1211 l.
1021 1136 1072 1212 H.
1101 1137 1161 1211 12.

360 1265 468 1328 chart.
491 1284 579 1330 saec.
602 1269 708 1332 XVII
714 1270 762 1353 ff.
785 1273 859 1349 200,
884 1274 941 1336 9-5
952 1276 1018 1337 ><8
1040 1294 1102 1338 cm.
1128 1278 1159 1338 d.
1183 1295 1228 1339 ru.

467 1387 761 1467 Antiphonarium
784 1413 864 1456 cum
887 1397 981 1458 notis
1004 1397 1151 1460 musicis
1175 1402 1221 1472 (in
1243 1400 1308 1460 fine
1332 1403 1508 1474 mancum).

468 1478 512 1534 Ex
535 1482 664 1538 cartusie
687 1483 880 1544 Waldicensi.

464 1665 546 1746 339
964 1675 993 1748 I.
1023 1673 1073 1749 H.
1102 1675 1162 1749 13.

360 1805 550 1868 membran.
572 1827 659 1871 saec.
682 1810 889 1875 XII-XIII
894 1814 940 1897 ff.
965 1815 1276 1890 105,16·5><11·5
1297 1834 1359 1877 cm.
1384 1817 1415 1878 d.
1439 1835 1484 1877 m.

467 1929 655 1993 Sermones
686 1933 826 2010 diversi,
857 1951 984 2013 magua
1014 1953 1058 1998 ex
1088 1941 1186 2012 perte
1216 1953 1244 1998 a.
1276 1936 1451 2010 Bernardi,
1488 1937 1762 2015 praecedentibus

360 2021 521 2096 excerptis
551 2023 648 2079 variis
683 2037 724 2081 ex
757 2022 911 2099 operibus
948 2040 993 2083 ss.
1025 2022 1203 2084 bernhardi
1236 2029 1268 2084 et
1298 2024 1478 2098 Ansheimi,
1504 2023 1655 2102 Hugonis
1679 2029 1711 2086 et
1732 2041 1761 2084 a.

361 2101 530 2176 (Collectio
553 2109 642 2166 initio
666 2112 697 2167 et
720 2107 784 2168 tine
809 2113 951 2182 carens).

468 2210 506 2266 Ut
529 2214 559 2266 in
582 2215 719 2284 operculo
744 2231 839 2286 super.
865 2217 1041 2273 intrinsecus
1066 2224 1192 2286 notatur,
1217 2219 1312 2274 codex
1335 2235 1361 2274 a.
1391 2219 1469 2275 1867
1496 2220 1532 2274 ab
1557 2219 1603 2275 Al.
1628 2217 1760 2288 Schulte,

360 2297 523 2366 professore
547 2300 678 2356 univers.
703 2301 796 2373 Prag,
821 2304 1014 2359 bibliothecae
1038 2311 1155 2360 nostrae
1179 2306 1308 2360 donatus
1332 2312 1385 2362 est.

906 2561 1218 2570 ————.—.

466 2777 691 2862 340—385
914 2783 966 2858 II.
994 2783 1034 2858 F.
1062 2783 1230 2878 1-37*)

362 2935 534 3001 Fasciculi
560 2939 604 3002 46
633 2940 940 3008 comprehendentes
961 2941 1047 3004 1537
1071 2941 1234 3004 historias
1262 2943 1304 3004 37
1327 2943 1527 3004 morborum
1549 2939 1647 3020 iufm
1670 2947 1763 3004 uota·

363 3027 486 3098 iorum,
511 3043 594 3104 quos
615 3026 802 3088 medicinae
831 3028 1009 3089 carrdidaii
1036 3029 1072 3090 in
1094 3029 1312 3090 universitate
1335 3029 1510 3109 Pragerrsi,
1536 3045 1682 3108 quornm
1707 3047 1764 3090 uo-

363 3111 459 3173 mina
482 3112 686 3193 aiphabetice
707 3115 836 3193 digesta
859 3118 1055 3193 seqrnuntnr,
1080 3133 1111 3178 a.
1135 3115 1352 3178 rato-1840
1375 3117 1621 3196 descripserunt

677 3251 830 3315 Nomina
852 3255 1054 3317 morborum
1077 3271 1156 3318 cum
1180 3255 1256 3317 suis
1280 3255 1447 3318 numeria.

476 3375 501 3434 1.
526 3392 547 3435 a
570 3375 698 3451 Angina
721 3374 864 3436 saucium
888 3381 920 3436 et
942 3376 1090 3437 Parotitis
1114 3375 1168 3456 (32
1191 3377 1290 3451 hist).

478 3463 501 3520 l.
527 3462 547 3523 b
570 3461 699 3538 Angina
722 3463 973 3523 membranacea
996 3463 1028 3538 (7
1053 3462 1149 3540 hist).

473 3549 502 3610 2.
527 3549 717 3626 Apopiexia,
743 3549 975 3627 Haemiplegia,
1000 3549 1128 3611 Paresis
1152 3549 1208 3624 (15
1231 3549 1332 3623 hist).

472 3635 502 3695 3.
527 3635 675 3695 Arthritis
699 3633 754 3713 (42
777 3637 874 3710 hist).

472 3725 502 3786 4.
527 3723 718 3802 Cardialgia‚
743 3723 897 3803 Hysteria
919 3724 975 3803 (25
998 3724 1088 3799 hist.)

473 3813 502 3872 5.
528 3811 640 3875 Colica
664 3811 719 3890 (18
742 3813 842 3884 hist).

473 3900 503 3960 6.
528 3898 696 3961 Chiorosis
720 3897 898 3970 (351151).

474 3986 503 4047 7.
528 3985 681 4046 Deurrum
705 3991 847 4046 tremens
872 3985 906 4058 (9
929 3981 1027 4060 hist),

474 4073 503 4134 8.
529 4071 707 4134 Diarrhoee
729 4072 917 4146 epidemica‚
941 4069 1137 4149 Dysenteria
1159 4068 1214 4148 (12
1238 4070 1336 4144 hist).

474 4160 504 4221 9.
528 4159 747 4237 Encephalitis
772 4158 949 4238 (1411151).

456 4246 503 4309 10.
528 4246 689 4317 Enteritis,
714 4245 994 4316 Perito-Enteritis‚
1017 4244 1233 4304 Mesenteritis
1257 4241 1314 4315 (54
1336 4243 1436 4312 hist).

457 4336 504 4395 ll.
528 4351 550 4394 a
573 4334 745 4411 Epilepsia,
770 4333 791 4394 b
815 4331 943 4393 Chorea
967 4349 993 4392 5.
1017 4330 1081 4391 Viti
1104 4328 1160 4403 (39
1183 4331 1283 4402 hist).

456 4422 504 4482 12.
529 4421 705 4499 Erisipelas
729 4418 784 4494 (17
809 4419 907 4492 hist).

457 4508 504 4570 13.
529 4506 770 4569 Exenthemata
792 4507 948 4566 chronica
972 4505 1027 4577 (53
1051 4504 1151 4576 hist).

457 4598 504 4656 14.
529 4593 639 4654 Febris
663 4594 896 4658 acaterrhosa.
918 4591 1142 4652 beatarrhalis
1168 4591 1376 4660 rheumatica,
1398 4591 1645 4650 cintermittens
1662 4589 1765 4664 quoti·

367 4683 473 4755 diana,
508 4682 531 4741 d
559 4686 772 4743 intermittens
803 4681 993 4758 irregularis,
1030 4693 1049 4738 e
1080 4681 1292 4738 intermittens
1323 4680 1466 4745 tertiana,
1501 4673 1518 4734 f
1551 4677 1764 4734 intermittens

475 4875 502 4955 ⁴)
520 4879 612 4935 Ceteri
637 4880 721 4935 foruli
745 4878 770 4933 Il
782 4879 847 4934 libri
860 4874 922 4933 MS.
937 4891 989 4929 seu
1001 4873 1100 4944 potius
1113 4870 1245 4926 fasciculi
1263 4879 1403 4938 actorum,
1421 4885 1495 4941 quae
1511 4869 1581 4924 olim
1593 4871 1623 4924 in
1636 4868 1764 4923 archivis

370 4965 550 5022 diversorum
586 4967 829 5022 monasteriorum
862 4963 1097 5028 asservabantur,
1132 4959 1260 5028 exceptis
1295 4957 1533 5012 memorabilibus
1574 4962 1602 5010 et
1636 4957 1765 5010 historiis

376 5053 523 5123 adligatis,
548 5070 623 5125 quae
646 5053 719 5109 inira
742 5057 938 5118 recensentur,
962 5050 1038 5103 inter
1060 5047 1223 5101 archivalia
1246 5050 1348 5100 nostra
1370 5049 1453 5099 erunt
1476 5045 1655 5098 recensendi.

1045 5267 1094 5316 144
