4048 6012
1031 633 1088 692 251

1119 719 1218 726 ’Ἦ

469 841 488 902 l.
513 839 594 902 320b
619 845 706 901 etin
730 843 901 919 operculo:
926 830 1159 918 Bartolomeje
1183 837 1350 918 Klaperty
1384 833 1518 902 z'l'elce
1542 833 1682 901 Piser'io
1699 839 1762 901 Bo-

364 921 432 990 iim
447 921 515 990 tiele
532 925 702 1007 potinajici
720 945 774 987 se:
803 925 917 988 »Verni
935 923 1098 997 lrieslane',
1115 923 1224 986 veime
1238 923 1478 1006 jednostajnes
1508 926 1598 987 »Hoc
1620 927 1655 986 ir.
1674 925 1762 990 Crux

365 1021 495 1094 scripsit
518 1034 545 1076 a.
574 1013 657 1075 1492
681 1020 712 1075 in
737 1016 786 1074 die
812 1015 999 1090 Stephani«
1032 1012 1116 1074 Nota
1140 1019 1171 1074 in
1196 1014 1298 1074 ironte
1333 1031 1433 1074 manu
1468 1015 1601 1074 eadem:
1651 1013 1761 1074 »Hanc

364 1107 557 1164 cancionem
582 1107 771 1179 composuit
794 1102 926 1180 quidam
962 1099 1212 1161 Bartholomeus
1237 1101 1277 1160 de
1300 1099 1399 1160 Telcz
1416 1107 1563 1165 nacione.
1588 1100 1674 1160 tilius
1690 1099 1762 1160 Kla-

365 1195 463 1268 perte,
488 1191 647 1268 plebanus
672 1194 703 1249 in
728 1188 835 1248 Broda
859 1186 1054 1264 Ungaricali,
1079 1204 1177 1266 quam
1196 1188 1344 1246 ridemus
1364 1189 1496 1264 quidam
1514 1188 1555 1248 de
1572 1187 1763 1265 Sstemberg

365 1279 522 1337 ioculator
544 1281 687 1336 cantavit
710 1281 741 1335 et
764 1280 877 1335 nostro
901 1273 1059 1352 Gregorio
1084 1273 1177 1334 Rufio
1202 1275 1290 1334 dedit
1312 1275 1536 1348 transcribere,
1576 1281 1608 1334 et
1630 1279 1700 1352 ipse
1717 1279 1762 1334 at·

365 1365 434 1424 tulit
456 1365 551 1423 nobis
576 1380 648 1422 eam
672 1367 704 1422 in
727 1361 907 1422 Trzebon.‹
943 1362 1065 1435 (Edidit
1088 1357 1203 1420 Hanus
1228 1365 1259 1420 in
1283 1359 1371 1438 itali
1394 1360 1500 1438 vybor
1523 1379 1552 1440 p.
1576 1361 1642 1433 62).

468 1487 647 1542 Intrinsecus
671 1487 799 1558 operculi
823 1502 918 1557 super.
943 1487 1016 1540 haec
1040 1491 1110 1539 nota
1133 1485 1278 1541 occurrit:
1309 1484 1357 1538 »ln
1382 1485 1438 1540 hoc
1464 1487 1607 1556 opusculo
1624 1487 1672 1541 isti
1689 1501 1761 1542 con-

367 1575 493 1629 tinentur
517 1579 656 1629 tractatus
680 1589 730 1644 per
753 1589 797 1628 me
822 1572 943 1628 Crucem
969 1575 1005 1627 de
1027 1572 1112 1626 Telcz
1136 1573 1164 1626 in
1189 1571 1290 1626 seculo
1314 1573 1460 1628 collecti«
1511 1573 1566 1628 Sed
1605 1575 1763 1643 prohdolor

366 1661 520 1730 catalogus
544 1663 591 1717 hic
615 1663 745 1716 radendo
770 1677 876 1729 magne
899 1675 935 1714 ex
959 1667 1039 1730 parte
1063 1659 1175 1713 deletus
1199 1667 1252 1714 est.
1277 1657 1312 1714 Α.
1342 1659 1421 1713 1609
1447 1661 1541 1714 codex
1558 1660 1627 1714 bibl.
1652 1659 1762 1714 Rosen-

366 1749 499 1817 bergicee
523 1755 591 1815 erat,
616 1763 651 1802 ex
677 1764 734 1816 qua
757 1750 908 1802 restitutus
931 1753 976 1801 est
999 1745 1176 1801 monasterio
1200 1743 1388 1802 Tiebonensi.

466 1949 535 2030 251
955 1949 985 2022 I.
1012 1949 1052 2022 F.
1081 1949 1141 2021 19.

365 2109 473 2169 chari.
499 2127 567 2169 cca.
592 2127 625 2168 ιι.
649 2109 733 2168 1ΐ11
745 2108 792 2188 ff.
817 2109 869 2180 65,
893 2107 933 2168 21
949 2107 1035 2167 ><17
1059 2124 1121 2168 crit.
1145 2107 1162 2166 1
1189 2127 1233 2169 m.

365 2247 549 2310 Athanasii
573 2264 593 2307 e
616 2247 648 2308 S.
672 2245 828 2323 Josepho
852 2243 963 2324 (Eliee
987 2244 1173 2322 Sandrich)
1209 2247 1281 2306 ord.
1305 2245 1381 2306 frat.
1409 2247 1541 2307 eremit.
1566 2246 1705 2307 discalc.
1730 2263 1758 2308 s.

761 2332 949 2408 Augustini
972 2330 1150 2408 Opuscula
1173 2333 1352 2394 historica.

467 2455 487 2514 l.
517 2454 618 2514 1-35
641 2453 666 2514 1.
689 2453 898 2515 Dissertatio
915 2453 1495 2532 historico-chronologico-critica,
1512 2455 1548 2515 in
1566 2472 1633 2532 qua
1648 2455 1759 2533 primo

364 2542 579 2620 proponitur,
602 2557 647 2601 an
670 2539 704 2601 S.
726 2539 883 2602 Joannes
918 2539 1188 2618 Nepomucenus
1206 2588 1213 2602 .
1232 2591 1263 2602 ..
1288 2541 1336 2602 sit
1358 2559 1451 2603 unus
1485 2542 1645 2620 idemque
1681 2559 1759 2603 cum

363 2628 500 2690 Joanne
524 2629 565 2688 de
588 2626 720 2689 Pomuk
738 2677 743 2686 .
762 2674 793 2688 ..
817 2627 949 2688 vicario
972 2627 1173 2704 generali..
1193 2677 1199 2689 .
1224 2628 1346 2690 deinde
1365 2678 1371 2690 .
1390 2675 1397 2689 .
1416 2677 1421 2686 .
1447 2627 1658 2692 affirmativa
1672 2636 1759 2690 tam-

362 2715 699 2864 {uafflmbabffim
721 2715 922 2788 adstruitur,
947 2716 1085 2775 demum
1116 2719 1321 2792 argumenta
1345 2717 1506 2794 opposita
1538 2721 1757 2777 enervantur.

468 2924 486 2983 l.
512 2922 703 2983 36-4411.
740 2921 908 3002 Quaestio
943 2923 1445 3002 chronologico-genealogica:
1488 2926 1626 3002 quando
1665 2923 1759 2986 Cella

363 3010 521 3073 Mariana
543 3011 579 3070 in
603 3009 720 3087 Styria
741 3010 891 3086 primurn
916 3010 1006 3070 facta
1031 3009 1136 3071 fuerit
1158 3010 1306 3071 celebris
1329 3027 1393 3089 per
1406 3012 1595 3074 Henricum
1612 3011 1758 3072 marchi·

365 3113 468 3159 onem
491 3096 667 3158 Moraviae
691 3103 750 3157 ete.
776 3095 883 3174 (Opus
909 3098 1058 3156 eiusdem
1082 3103 1263 3174 argumenti
1288 3104 1373 3176 typis
1399 3103 1595 3176 impressum
1621 3105 1671 3159 est
1688 3099 1757 3158 Pra-

362 3189 549 3262 gaesa).

464 3305 484 3366 i.
509 3303 639 3364 45-59
662 3303 713 3365 111.
739 3303 977 3365 Memorabilia
1000 3306 1041 3366 de
1064 3305 1200 3368 Joanne
1224 3305 1373 3368 Ernesto
1390 3307 1533 3370 Platisio
1551 3309 1592 3369 de
1608 3305 1756 3368 Platten-

364 3391 467 3461 stein,
491 3391 602 3452 electo
626 3391 789 3468 episcopo
812 3389 1049 3453 Olomucensi.

464 3495 484 3556 i.
509 3494 636 3554 tio-65
660 3494 820 3572 Excerpta
844 3513 860 3553 e
885 3497 1047 3556 chronicis
1073 3498 1161 3574 apud
1185 3497 1247 3557 Pez
1273 3502 1454 3576 impressis

463 3620 532 3674 Sine
557 3620 646 3674 dubio
670 3637 704 3674 ex
729 3629 853 3676 monast.
880 3637 904 3674 e.
931 3619 1100 3676 Wenceslai
1127 3621 1284 3692 Neo-Preg.

463 3823 543 3903 252
969 3823 997 3898 l.
1026 3825 1065 3898 F.
1094 3825 1156 3900 20.

362 3965 470 4026 citari.
495 3984 527 4024 a.
550 3963 636 4025 11111
647 3963 692 4044 ff
716 3965 789 4036 139,
812 3965 957 4026 22><15
977 3984 1039 4027 cm.
1065 3968 1082 4028 1
1107 3985 1151 4028 m.

516 4102 770 4164 Conclusiones
794 4105 904 4180 quarti
929 4106 1006 4166 libri
1033 4106 1292 4169 Sententiarum
1315 4107 1406 4168 Petri
1429 4106 1623 4166 Lombardi.

468 4225 487 4284 l.
517 4225 527 4283 l
556 4229 689 4290 (rubric.)
736 4223 864 4300 »incipit
888 4226 964 4284 liber
986 4233 1130 4305 ‘quartus
1167 4229 1416 4288 conclusionum
1443 4231 1684 4287 sentenciarum
1710 4227 1753 4286 dr-

362 4316 497 4372 stinccio
522 4316 651 4387 prima«
680 4313 711 4368 ><
737 4311 755 4370 1.
785 4311 858 4370 138·
883 4311 1040 4389 »Explicit
1063 4313 1112 4372 llll
1139 4314 1216 4373 liber
1239 4319 1478 4374 sentenciarum
1511 4315 1550 4373 de
1575 4315 1755 4374 conclusio-

362 4397 458 4458 nibus
483 4397 592 4456 iinitus
616 4415 644 4457 a.
670 4397 699 4458 d.
728 4395 810 4456 1416
833 4397 890 4457 ier.
916 4397 956 4456 [p
979 4405 1053 4459 ante
1078 4400 1198 4460 festum
1233 4419 1259 4460 s.
1286 4402 1457 4460 ¹imbrosii.
1508 4400 1632 4460 Eodem
1668 4417 1754 4461 anno

361 4484 550 4544 interiectus
574 4491 624 4543 est
648 4483 779 4543 Raczko
814 4483 952 4561 Kobylla
987 4491 1182 4546 sevissimus
1218 4495 1406 4564 perseeutor
1441 4497 1472 4548 et
1506 4487 1753 4547 crudelissimus

362 4575 604 4638 canonicorum,
640 4571 851 4648 plebanorum
887 4577 918 4630 et
951 4574 1086 4632 aliorum
1116 4575 1275 4634 bonorum
1301 4576 1508 4634 sacerdotum
1534 4579 1565 4634 in
1589 4573 1756 4634 Montibus

364 4657 504 4718 Guttnis.
529 4657 580 4717 Do
603 4657 704 4736 Hory,
728 4656 897 4735 Wykleisi
923 4659 965 4716 do
989 4658 1080 4738 Hory
1103 4661 1145 4718 od
1170 4661 1297 4738 bozych
1324 4663 1472 4739 przatel.«

469 4779 487 4838 i.
517 4773 715 4838 tesi-139³
737 4776 838 4838 Notae
862 4783 969 4838 variae
995 4781 1194 4858 theologicae
1220 4783 1293 4842 etti
1318 4799 1434 4842 versus
1460 4783 1620 4843 bohemici
1645 4786 1752 4860 incipi-

362 4871 471 4926 entes:
497 4863 579 4925 lx'toz
596 4882 671 4926 nam
689 4869 831 4943 prziegy,
856 4865 921 4944 day
943 4883 1021 4944 gym
1046 4869 1136 4946 myly
1160 4868 1265 4946 bozye
1290 4870 1415 4946 spyeeh
1439 4875 1499 4929 etc.
1525 4868 1598 4949 (Ed.
1623 4873 1655 4930 in
1676 4867 1755 4928 Roz·

363 4969 464 5030 pravy
489 4949 670 5029 filologicke
695 4949 900 5011 Gebauerovi
924 4949 1106 5014 renovanti.
1134 4951 1164 5012 V
1187 4955 1283 5014 l'raze
1312 4956 1418 5025 18118.)

464 5075 486 5130 E
509 5084 656 5133 conventu
681 5076 811 5131 Plznensi
837 5080 898 5131 ord.
924 5077 1157 5132 praedicatorum
1182 5095 1206 5136 s
1231 5079 1357 5150 Margar.

1036 5299 1083 5346 lui
