3974 6014
906 625 943 687 19

222 837 325 898 Anno
351 834 442 898 1763.
465 834 525 912 (Re
547 851 626 896 vera
648 835 727 896 liber
749 837 893 896 continet
938 833 1119 912 Syllabum
1156 849 1302 911 operum
1332 832 1390 897 SS.
1425 832 1568 898 Petrum
1592 843 1626 897 et

223 923 439 1002 Scriptorum
461 921 661 1000 Ecclesiae).

326 1015 372 1069 Ad
396 1013 507 1068 calcem
530 1013 605 1068 tituli
629 1012 702 1067 haec
725 1015 796 1066 nota
818 1017 878 1066 est:
905 1009 1015 1066 Omnes
1038 1011 1080 1066 illi
1103 1010 1202 1066 Patres
1226 1011 1273 1066 hic
1297 1012 1463 1080 consignati
1492 1019 1626 1082 prostant

222 1102 252 1155 in
275 1101 452 1156 bibliotheca
475 1099 735 1170 sumptuosissima
758 1097 973 1169 archiepiscopi
997 1097 1164 1168 Pragensis.
1204 1112 1241 1152 ex
1264 1113 1387 1168 quorum
1411 1097 1548 1168 operibus
1572 1115 1625 1170 ego

223 1203 258 1242 ea
280 1187 379 1242 omnia
402 1188 544 1258 exscripsi
567 1192 622 1242 etc.
646 1184 679 1240 In
702 1185 751 1240 101.
774 1187 817 1240 tit.
842 1199 959 1256 praec:
983 1183 1068 1239 Dono
1092 1187 1153 1240 dati
1177 1183 1249 1255 (sic)
1272 1199 1309 1240 ex
1333 1185 1539 1241 benevolentia
1562 1185 1624 1244 Jos

221 1273 353 1330 Barisien
381 1273 461 1329 1766
485 1273 562 1343 (sine
586 1273 676 1328 dubio
700 1271 777 1328 sicut
800 1272 918 1326 codices
942 1273 1076 1341 praeced.
1100 1277 1128 1326 et
1152 1273 1271 1342 subseq.
1296 1270 1491 1327 bibliothecae
1508 1272 1624 1344 collegii

222 1358 254 1417 S.
278 1359 303 1416 J.
328 1359 568 1430 Neo-Pragensl).

328 1525 371 1608 Μ
815 1525 1011 1600 lara

223 1668 327 1728 chart.
352 1671 485 1748 aratogr.
509 1685 541 1728 a.
566 1665 652 1730 1760
661 1665 709 1748 ff.
733 1664 798 1727 126
821 1683 913 1727 rrum.
936 1666 983 1728 35
993 1665 1080 1728 ><22
1103 1683 1167 1728 cm.

333 1787 623 1869 »Quatuordecim
645 1787 830 1866 imagines,
854 1787 1054 1866 sapientum
1076 1787 1179 1850 dictis
1209 1803 1464 1866 expressae...
1482 1789 1624 1866 compil-

223 1880 332 1938 latore
356 1877 432 1954 (sic)
454 1874 481 1935 J.
505 1875 542 1936 Ε.
567 1873 623 1936 Β.«
651 1873 821 1952 tJosepho
846 1873 996 1938 Ernesto
1020 1873 1203 1953 Barisien).
1229 1873 1350 1952 Pragae
1371 1874 1462 1936 1760.
1487 1875 1621 1952 (Produ-

222 1969 339 2024 cuntur
361 1963 413 2023 hic
437 1963 498 2022 loci
523 1966 717 2040 scriptorum
742 1963 956 2023 classicorum
980 1963 1022 2022 ad
1046 1966 1180 2022 virtutes
1204 1961 1366 2040 quasdam
1398 1967 1430 2022 et
1453 1964 1622 2024 hominum

225 2050 356 2110 ordines
381 2051 593 2127 spectantes)

327 2139 512 2211 Quamquam
536 2140 566 2194 in
589 2139 682 2194 fronte
706 2138 771 2194 libri
794 2138 882 2192 huius
906 2139 945 2194 rei
970 2140 1078 2194 mentio
1110 2153 1169 2192 non
1199 2138 1240 2209 tit,
1272 2137 1374 2209 procul
1405 2139 1496 2193 dubio
1528 2141 1623 2194 codex

222 2229 350 2282 donatus
374 2233 418 2281 est
441 2243 459 2281 a
482 2225 670 2297 compilatore
694 2225 771 2280 sicut
795 2225 913 2280 codices
930 2227 1136 2298 praecedentes
1152 2231 1180 2279 et
1196 2225 1408 2294 subsequentes
1430 2225 1624 2282 bibliothecae

222 2313 336 2384 collegii
361 2312 390 2370 S.
415 2311 441 2368 J.
465 2311 674 2384 Neopragensi.

330 2479 443 2560 hu
819 2477 1016 2554 LAAJ

225 2616 359 2682 Codices
381 2620 447 2682 duo
472 2620 581 2681 chart.
606 2625 741 2702 autogr.
766 2639 798 2684 a.
824 2621 911 2682 1755
931 2623 961 2680 et
983 2619 1070 2682 1756
1102 2619 1245 2692 exarati,
1277 2635 1423 2698 quornm
1457 2621 1546 2682 atter
1579 2625 1626 2705 (a)

220 2707 296 2782 264,
319 2707 406 2768 alter
429 2706 564 2784 (10289
578 2703 622 2790 ff.
646 2726 739 2770 num.
762 2707 903 2770 36><21
929 2723 992 2768 cm.
1017 2705 1167 2768 continet.

332 2831 461 2901 (Titulus
485 2831 522 2901 1.)
544 2826 664 2888 Notata
687 2829 727 2889 de
751 2827 999 2888 Haeresiarchis
1023 2833 1054 2888 et
1076 2825 1288 2888 Haeresibus
1323 2829 1452 2901 (Titulus
1475 2831 1526 2902 ll.)
1559 2825 1623 2890 No-

222 2921 297 2985 tata,
322 2932 383 2975 seu
406 2915 560 2977 Lexicon
584 2916 772 2977 haeresum
796 2931 885 2987 pene
909 2915 1077 2989 omnium,
1112 2930 1196 2992 quae
1230 2931 1251 2974 a
1284 2919 1485 2992 reparatione
1510 2916 1623 2976 mundi

220 3001 263 3062 ad
287 3007 400 3063 nostra
422 3019 529 3080 usque
553 3007 701 3080 tempora
724 3007 978 3072 insurrexerunt,
1013 3019 1054 3061 ex
1089 3007 1234 3062 veterum
1266 3006 1546 3080 recentiorumque
1572 3020 1622 3063 ec·

220 3090 477 3149 clesiasticarum
516 3105 622 3149 rerum
658 3089 870 3168 scriptoribus
905 3093 1015 3148 erutae
1054 3093 1086 3148 et
1119 3092 1151 3148 in
1182 3105 1284 3148 unum
1320 3089 1474 3150 volumen
1510 3089 1622 3150 ordine

220 3177 424 3254 alphabetico
448 3176 600 3236 reductae
624 3193 644 3235 a
666 3175 693 3237 J.
718 3175 754 3236 Ε.
780 3175 816 3236 Β.
840 3175 1010 3252 (Josepho
1033 3173 1183 3236 Ernesto
1206 3172 1388 3252 Barisien.)

329 3265 413 3320 Dono
444 3266 504 3321 dati
536 3281 553 3320 a
583 3263 608 3322 J.
638 3265 672 3322 E.
704 3265 835 3322 Barisien
867 3265 937 3321 bibl.
968 3265 1084 3335 collegii
1115 3263 1145 3320 S.
1170 3263 1195 3321 J.
1220 3265 1327 3336 Pragae
1359 3265 1396 3320 ad
1420 3264 1450 3321 S.
1475 3263 1622 3336 Ignatium

221 3368 249 3407 a.
276 3353 367 3408 1766.

326 3517 363 3598 Π
816 3519 1011 3595 [Ara

221 3659 329 3720 ciart.
354 3662 487 3740 autogr.
513 3677 544 3720 a.
570 3659 711 3742 1755ff.
735 3659 809 3722 322.
833 3677 925 3720 num.
950 3659 1090 3722 35><21
1114 3677 1179 3721 cm.

333 3779 480 3842 »Notata
503 3781 545 3842 de
567 3781 761 3856 Atheismo,
790 3780 1020 3858 Ethnicismo‚
1054 3779 1249 3858 ludaismo,
1283 3786 1318 3843 et
1339 3780 1624 3859 Philosophismo

221 3865 387 3929 historice
410 3867 617 3945 conscripta,
642 3868 782 3929 subinde
799 3873 831 3929 in
848 3869 993 3928 debitum
1011 3868 1157 3929 ordinem
1179 3867 1364 3946 redigenda.
1390 3868 1468 3929 Pars
1485 3869 1506 3930 Ι.
1525 3871 1621 3930 Anno

222 3952 350 4015 Domini
379 3953 470 4014 1755.
494 3953 520 4014 J.
538 3953 574 4015 E.
600 3953 655 4016 B.‹
683 3953 1456 4034 (:J0sepnusarnestusBarisien.>(rars11
1474 3961 1622 4035 sequitur

221 4058 241 4100 a
263 4041 316 4101 fol.
341 4039 533 4118 arcusque
557 4042 598 4101 ad
623 4039 709 4120 322).

331 4129 432 4185 Codex
456 4133 492 4186 ab
517 4138 635 4187 auctore
659 4148 685 4188 a.
714 4132 794 4188 1766
819 4133 947 4187 donatus
978 4131 1172 4187 bibliothecae
1203 4132 1318 4202 cellegii
1350 4131 1380 4190 S.
1404 4131 1430 4188 J.
1454 4132 1561 4203 Pragae
1585 4135 1623 4189 ad

222 4215 252 4273 S.
276 4215 432 4287 Ignatium.

328 4383 440 4466 ww
815 4385 1011 4462 1ΑᾸ5

224 4520 356 4586 Codices
378 4525 445 4586 duo
468 4526 574 4588 chart.
598 4528 733 4606 autogr.
757 4543 789 4586 a.
814 4525 899 4586 1757
912 4525 958 4606 ff.
981 4523 1176 4600 323÷29a
1199 4526 1242 4587 33
1256 4527 1339 4587 ><21
1365 4543 1429 4588 cm.

332 4647 567 4725 »Polyanthea
589 4646 784 4708 Haeresum
808 4664 827 4706 a
851 4646 1123 4724 Philosophorum
1147 4645 1274 4708 Placitis
1298 4645 1539 4726 Gentiliumque
1564 4648 1621 4709 Fa-

223 4734 306 4793 bulis
330 4735 491 4802 inchoata‚
526 4733 725 4794 Judaeorum
761 4731 988 4794 Deliramentis
1023 4738 1220 4806 continuata,
1256 4751 1316 4794 nec
1347 4751 1413 4795 non
1437 4733 1621 4796 Haeresiar-

223 4820 353 4880 charum
379 4819 548 4880 Erroribus
571 4837 591 4880 a
614 4827 758 4898 tempore
783 4820 1015 4897 Apostolorum
1039 4821 1081 4880 ad
1105 4826 1218 4881 nostra
1248 4837 1354 4899 usque
1385 4828 1533 4900 tempora
1567 4824 1621 4882 de-

223 4906 328 4966 ducta.
353 4905 571 4986 Compilatore
594 4904 751 4985 Josepho
774 4904 924 4968 Ernesto
947 4905 1115 4979 Barisien,
1151 4911 1205 4985 qui
1234 4907 1298 4967 hoc
1330 4923 1414 4984 opus
1438 4915 1514 4986 post
1538 4909 1617 4969 mul-

224 4995 731 5140 101οἘ1111110111111111110101110.
759 4991 839 5053 1757
864 4997 1135 5054 consummavit«
1169 4993 1264 5054 Tom.
1290 4993 1310 5054 l.
1336 4993 1442 5054 h-L.
1466 4994 1561 5056 Tom.
1586 4995 1620 5056 ll.
