3938 6010
1065 611 1146 672 1215

512 823 557 878 Ad
584 823 696 877 calcem
721 822 739 878 f.
768 814 821 877 lib
845 822 953 892 (ultimi
977 822 1152 893 membran.)
1168 822 1241 876 haec
1257 827 1327 876 nota
1343 822 1484 876 occurrit:
1511 819 1701 876 »ulteriorem
1723 836 1803 876 men-

402 910 479 964 sium
510 911 615 965 seriem
651 925 717 964 cum
750 911 899 964 annotatis
931 908 1135 964 defunctorum
1170 908 1340 963 nominibus
1370 913 1398 962 et
1428 907 1538 978 origine
1561 906 1614 965 SS.
1639 907 1802 978 Capparum

402 997 522 1067 quidam
545 996 620 1067 (una
644 1011 704 1050 vox
727 1001 888 1051 atramento
912 994 1001 1066 illita)
1018 994 1187 1049 Crumlovio
1211 991 1284 1068 (sic)
1300 994 1425 1049 studiosi
1442 994 1614 1049 exciderunt
1629 994 1660 1048 in
1676 995 1805 1065 capitulo

406 1083 484 1138 1647
492 1105 517 1140 «.
541 1081 611 1138 Ideo
634 1097 702 1154 pars
725 1083 846 1138 ulterior
868 1081 1024 1138 chartacea
1046 1081 1146 1136 addita
1169 1087 1222 1136 est.
1246 1079 1270 1135 E
1292 1089 1419 1137 monast.
1443 1080 1473 1138 S.
1498 1081 1641 1137 Coronae.

507 1250 603 1330 1215
999 1247 1078 1324 VII.
1107 1249 1153 1324 Α.
1181 1250 1216 1322 9.

400 1391 507 1451 chart.
533 1407 565 1453 a.
587 1390 675 1452 1756
693 1389 732 1470 ff.
756 1391 830 1464 156,
854 1389 998 1452 40)(27
1021 1407 1084 1451 cm.
1108 1389 1125 1450 1
1151 1405 1197 1449 m.

399 1510 556 1572 Historia
585 1511 678 1572 sacri
710 1510 869 1572 canonici
901 1510 1033 1571 ordinis
1064 1509 1330 1587 Crucigerorum
1362 1524 1442 1569 cum
1471 1507 1590 1572 Rubeo
1621 1507 1733 1572 Corde
1764 1510 1807 1571 de

399 1597 620 1659 PoenitentIa
641 1597 829 1660 Beatorum
857 1597 1055 1676 Martyrum
1086 1601 1118 1658 in
1143 1602 1283 1675 quatuor
1316 1601 1471 1655 tractatus
1506 1597 1611 1656 divisa
1629 1641 1745 1659 .....
1763 1597 1804 1657 ad

401 1686 560 1745 bilancem
597 1685 825 1763 chronologiae
864 1689 1052 1745 examinata
1071 1730 1187 1749 .....
1205 1699 1266 1760 per
1304 1681 1478 1743 Joannem
1495 1682 1662 1744 Carolum
1695 1682 1804 1756 Robn.

402 1770 562 1832 Bodmum
586 1771 935 1850 Reichenbergensem,
960 1771 1110 1832 eiusdem
1134 1769 1201 1831 ord.
1227 1769 1269 1829 ad
1286 1765 1319 1830 S.
1338 1766 1476 1830 Crucem
1503 1769 1662 1830 Maiorem
1685 1769 1807 1848 Pragae

781 1862 975 1919 canonicum
1001 1859 1192 1936 regularem.
1217 1856 1255 1918 Α.
1281 1855 1311 1917 d.
1338 1851 1430 1916 1756.

509 1966 553 2021 Ex
575 1970 678 2022 eodem
702 1969 892 2023 monasterie.

508 2117 747 2200 1216-1218
908 2116 992 2193 VII.
1023 2117 1069 2193 Α.
1097 2116 1187 2204 loa,
1214 2114 1247 2204 h,
1273 2139 1300 2191 c.

401 2257 510 2318 caari.
535 2262 672 2337 autogr.
697 2277 720 2320 a
741 2257 963 2320 rma-1780
977 2254 1025 2335 ff.
1049 2255 1124 2331 245,
1146 2256 1221 2331 227,
1244 2257 1319 2334 180,
1340 2257 1460 2318 35·5><
1474 2255 1517 2316 22
1526 2273 1588 2317 cm.

399 2377 512 2439 Janus
548 2378 684 2442 bifrons
719 2385 924 2458 respectans
960 2377 1158 2456 praeterita,
1196 2393 1304 2454 agens
1341 2377 1552 2456 praesentia,
1590 2375 1808 2453 prospiciens

401 2464 540 2541 futuris
572 2483 636 2527 seu
669 2467 771 2528 Liber
793 2465 928 2528 archivi
951 2464 975 2540 1,
999 2465 1037 2540 11,
1061 2464 1104 2525 III
1127 2465 1275 2526 Sanctae
1306 2464 1428 2526 Crucis
1459 2462 1697 2541 complectens
1731 2468 1809 2524 acta
1878 2463 1881 2469 '

400 2568 463 2630 per
484 2557 683 2630 temporum
713 2555 899 2616 decursum
923 2568 943 2612 a
967 2551 1079 2629 primo
1102 2550 1248 2630 Pragam
1266 2598 1274 2612 .
1294 2597 1329 2612 ..
1364 2550 1630 2628 Crucigerorum
1652 2551 1683 2611 b.
1707 2554 1807 2610 mart

401 2639 442 2700 de
487 2641 704 2717 poenitentia
748 2641 901 2702 adventu
921 2687 928 2700 .
948 2683 956 2698 .
977 2688 982 2699 .
1003 2638 1149 2700 collecta
1168 2688 1174 2700 .
1196 2689 1201 2700 .
1222 2687 1228 2700 .
1249 2639 1311 2698 sub
1357 2642 1593 2716 regimine...
1619 2635 1807 2697 Wenceslai

402 2725 614 2805 Xirchmayer
648 2728 688 2787 de
723 2727 900 2788 Reichwitz
936 2729 1112 2804 praepositi
1147 2726 1189 2786 ad
1214 2723 1247 2786 S.
1273 2723 1412 2786 Crucem
1447 2723 1605 2784 Maiorem
1629 2722 1739 2803 (scribi
1763 2728 1809 2784 in-

402 2813 534 2888 choata)
557 2830 587 2874 a.
615 2813 698 2876 1744
720 2814 771 2894 (et
794 2829 905 2890 usque
929 2813 973 2873 ad
997 2829 1026 2874 a.
1055 2809 1138 2873 1780
1161 2811 1401 2890 procurrentia
1435 2827 1542 2889 opera
1564 2816 1599 2872 et
1622 2827 1729 2872 manu
1750 2810 1808 2872 Jo-

896 2899 1024 2960 hannis
1050 2898 1168 2961 Caroli
1190 2898 1317 2977 Rohn).

510 3007 549 3062 Ut
573 3007 603 3062 in
625 3008 804 3078 praefatione
836 3007 901 3063 libri
933 3005 1133 3076 Iedocemur‚
1166 3007 1212 3062 his
1244 3008 1337 3062 tribus
1370 3006 1452 3062 libris
1482 3011 1596 3061 tantum
1627 3011 1713 3061 sexta
1740 3020 1808 3076 pars

402 3094 500 3165 operis
531 3095 651 3149 maioris
682 3098 866 3161 continetur;
899 3099 1011 3164 partem
1032 3096 1192 3148 secundam
1221 3093 1288 3148 vide
1319 3093 1374 3148 sub
1398 3093 1452 3162 sig.
1476 3090 1553 3150 XIII.
1577 3091 1610 3150 B.
1636 3093 1664 3160 6,
1695 3094 1807 3146 tertiam

402 3184 457 3235 sub
481 3179 548 3237 XV.
561 3180 598 3236 A.
613 3182 641 3250 2,
658 3188 792 3252 quartam
807 3183 862 3236 sub
876 3179 939 3238 VII.
956 3180 992 3234 A.
1015 3181 1062 3249 11,
1081 3180 1212 3250 quIntam
1228 3181 1284 3234 sub
1300 3178 1378 3236 XIV.
1396 3179 1429 3235 C.
1448 3179 1465 3233 6
1483 3178 1589 3250 (prima
1605 3179 1807 3249 desideratur),

402 3269 530 3322 indicem
554 3267 644 3322 totius
669 3267 764 3337 operis
788 3271 843 3323 sub
867 3265 931 3326 VII.
955 3265 987 3320 B.
1015 3266 1042 3324 3.
1068 3265 1112 3321 Ex
1135 3273 1261 3323 monast.
1287 3265 1477 3337 Cyriacorum
1500 3265 1583 3336 Prag.

511 3434 594 3515 rara
845 3451 848 3460 ·
948 3411 951 3416 ’
989 3433 1068 3510 ru.
1098 3435 1143 3510 A.
1171 3433 1230 3508 11.

403 3576 509 3635 chari.
534 3592 566 3636 a.
589 3574 807 3638 1741-1779
821 3573 870 3654 fs.
894 3573 1150 3654 1111411621,
1172 3573 1318 3635 36><23
1340 3590 1403 3634 cm.
1428 3573 1457 3634 d.
1482 3590 1528 3634 m.

406 3695 532 3758 »Ortus
557 3701 590 3757 et
613 3713 761 3758 occasus
787 3742 794 3756 .
819 3741 826 3758 .
851 3741 859 3756 .
883 3695 1151 3774 Crucigerorum
1174 3711 1255 3756 cum
1277 3694 1397 3756 Rubeo
1421 3693 1533 3756 Corde
1550 3693 1594 3754 ad
1610 3693 1643 3756 S.
1661 3691 1809 3755 Crucem

402 3783 572 3844 Maiorem
596 3829 604 3844 .
629 3829 636 3844 .
661 3832 667 3846 .
693 3801 756 3845 seu
791 3782 895 3845 Liber
917 3783 1053 3845 archivi
1075 3782 1109 3844 S.
1134 3781 1259 3844 Crucis
1283 3781 1471 3842 continens
1495 3783 1615 3842 litteras
1639 3781 1807 3852 natalium,

403 3869 656 3948 professionum,
682 3875 889 3939 emissarum,
915 3887 940 3930 s.
966 3871 1118 3931 ordinum
1144 3875 1375 3948 susceptorum
1407 3874 1439 3928 et
1462 3868 1636 3946 syllabum
1670 3865 1809 3943 religio-

404 3973 542 4018 sorum«
571 4005 577 4017 .
604 4002 611 4017 .
636 4003 643 4018 .
668 3958 869 4036 (inchoatus
893 3974 922 4017 a.
950 3954 1031 4017 1741
1057 3961 1092 4016 et
1108 3971 1320 4032 procurrens
1337 3971 1448 4032 usque
1466 3955 1508 4016 ad
1524 3971 1552 4016 a.
1573 3950 1657 4014 1779
1676 3958 1809 4013 auctore

873 4043 1037 4106 Johanne
1063 4042 1189 4104 Carolo
1212 4040 1339 4119 Rohn).

510 4149 562 4205 Est
585 4156 688 4221 quarta
710 4167 778 4221 pars
803 4154 897 4222 operis
922 4151 1042 4206 maioris
1066 4149 1115 4222 (ci.
1141 4151 1207 4205 cod.
1231 4149 1382 4220 praeced.)
1408 4165 1544 4220 magnam
1578 4154 1690 4220 partem
1725 4155 1810 4202 auto·

403 4238 523 4308 grapha.
547 4236 591 4292 Ex
613 4244 740 4292 monast.
767 4236 957 4308 Cyriacorum
981 4237 1063 4307 Prag.

509 4404 602 4486 12211
991 4403 1073 4479 VII.
1101 4403 1147 4479 A.
1175 4403 1237 4478 72.

402 4543 592 4605 membran.
614 4563 701 4607 saec.
726 4544 810 4607 XIV
822 4543 871 4624 ff.
895 4544 969 4622 400,
993 4544 1229 4620 37)(251111.
1254 4543 1285 4606 d.
1309 4561 1354 4606 m.

424 4663 641 4726 Breviarium
664 4667 858 4728 secundum
889 4664 1065 4727 rubricam
1087 4663 1299 4743 Pragensem
1323 4666 1556 4743 praecedente
1579 4663 1786 4728 calendario.

508 4836 588 4916 1221
985 4835 1066 4912 VII.
1092 4836 1141 4912 Α.
1167 4835 1230 4912 Id.

404 4978 513 5040 chart.
536 4994 625 5039 saec.
648 4975 686 5037 X
689 4975 812 5038 VI—X
816 4974 881 5037 VII
894 4975 933 5058 [ᾖ
956 4977 1029 5054 384,
1054 4977 1100 5038 35
1110 4975 1196 5038 ><24
1219 4995 1282 5039 cm.
1308 4977 1338 5038 d.
1362 4995 1407 5039 111.

610 5097 906 5176 Antiphonarium
930 5097 1061 5160 missae
1085 5099 1180 5160 notis
1204 5098 1353 5162 musicis
1376 5099 1597 5163 instructum.

1079 5323 1131 5372 476
