4094 6016
1052 595 1115 656 542

484 803 503 864 i.
533 799 735 866 1191--1251
759 802 943 880 Expositio
967 803 1119 865 hctuum
1153 805 1402 882 apostulorum.
1451 803 1612 865 »Primum
1651 806 1782 884 quidem

381 907 568 952 sermonem
591 891 671 951 ieci«
698 892 731 948 ><
757 895 899 968 »premio
923 890 1172 970 consequendo
1197 892 1286 969 quod
1310 892 1405 953 nobis
1429 897 1551 970 prestet
1574 897 1656 952 etc«

484 977 504 1037 i.
532 977 735 1038 126·-127ι
757 975 868 1038 Ilistra
901 991 1008 1054 super
1045 975 1262 1039 Decretales:
1303 976 1495 1039 »Summum
1533 982 1696 1040 constitue
1736 996 1781 1038 re-

382 1068 558 1143 scriptum<
589 1069 647 1126 etc.

484 1151 505 1212 f.
534 1148 735 1212 1271-’1281
758 1147 861 1210 Notae
885 1151 926 1209 de
950 1154 1017 1209 iure
1041 1156 1073 1210 et
1096 1155 1168 1210 eius
1191 1151 1360 1212 divisione.

484 1237 505 1298 i.
534 1231 736 1298 1291--1291
761 1241 793 1296 et
819 1237 894 1297 141·
919 1234 968 1296 De
992 1241 1150 1298 memoria
1174 1241 1297 1299 mortis.

485 1325 505 1385 1.
534 1322 735 1384 1301--1361
758 1325 854 1383 Varia
877 1329 1030 1401 excerpta
1054 1324 1245 1402 theologica.

484 1411 505 1470 1.
533 1407 609 1471 1361
632 1409 762 1471 Thema
781 1426 869 1487 mag.
881 1409 1054 1472 Iohannis
1070 1409 1146 1471 Hus
1173 1411 1229 1472 »In
1253 1411 1415 1473 omnibus
1439 1427 1494 1472 me
1518 1410 1777 1474 defectuosum«

379 1505 440 1559 etc.
465 1498 602 1572 (Sermo
625 1495 806 1576 synodalis
830 1500 860 1556 in
885 1497 949 1558 fine
973 1497 1138 1575 mancus.)

483 1585 504 1645 f.
533 1582 735 1645 1372-140·
772 1582 853 1643 »iste
889 1584 1125 1645 Auctoritates
1157 1589 1234 1645 sunt
1269 1583 1397 1662 scripte
1433 1601 1495 1662 per
1529 1597 1617 1664 mag.
1646 1583 1723 1646 iius
1746 1585 1781 1646 in

377 1669 557 1733 Bethleem
580 1669 616 1732 in
642 1669 852 1749 parietibus«
878 1670 954 1746 (sub
978 1672 1260 1748 inscriptionibus:
1285 1687 1403 1746 creare,
1437 1673 1579 1746 credere,
1611 1677 1779 1746 remittere,

378 1759 559 1832 absolvere,
583 1759 784 1822 obediencia,
808 1753 1124 1835 excommunicacio)
1156 1757 1222 1836 (z
1254 1759 1296 1819 de
1325 1756 1372 1820 VI
1403 1757 1595 1836 erroribus)
1619 1760 1683 1820 fine
1716 1775 1778 1820 car.

483 1845 503 1906 l.
533 1844 593 1905 140
616 1843 731 1905 Sermo
755 1859 855 1922 super
880 1841 950 1902 »Tu
974 1861 1011 1903 cs
1035 1843 1167 1904 Petrus«
1194 1849 1226 1905 in
1250 1843 1315 1905 fine
1339 1859 1486 1906 mancus¹

483 1931 503 1992 i.
533 1930 735 1992 1411-149ι
758 1927 935 1990 Sermones
959 1935 1025 1990 tres
1049 1947 1107 2009 pro
1131 1930 1304 1991 defunctis.

482 2017 502 2078 i.
532 2016 733 2078 1501-160ι
757 2015 789 2077 S.
814 2015 969 2077 Bernardi
993 2015 1109 2078 Sermo
1133 2033 1232 2096 super
1258 2016 1401 2078 »Missus
1425 2024 1507 2079 est«.

482 2105 501 2164 i.
531 2100 731 2165 idol-itiib
758 2101 994 2180 »Opusculum
1016 2104 1122 2165 breve
1145 2105 1187 2165 de
1212 2103 1445 2182 concepcione
1467 2104 1615 2183 virginis
1638 2103 1774 2167 Maria«

382 2190 529 2253 »Bonum
553 2207 638 2270 opus
662 2190 741 2251 leci«
768 2191 801 2248 ><
824 2189 860 2264 (i.
889 2185 996 2256 ib3b2)
1023 2189 1143 2251 »filium
1167 2195 1238 2252 eius
1261 2197 1367 2252 ortum
1391 2196 1480 2270 patre
1503 2197 1582 2252 etc«

482 2278 503 2340 i.
532 2277 591 2338 165
615 2275 823 2340 Continuatio
846 2277 1019 2338 chronicae
1044 2276 1205 2338 Laurentii
1229 2278 1269 2337 de
1293 2273 1441 2338 Biezovd
1463 2277 1497 2353 (f.
1521 2277 1603 2353 32²).

483 2385 624 2441 Codicem
646 2385 744 2455 quoad
769 2382 917 2439 Wiclifica
941 2400 1051 2440 recens¹
1076 2384 1263 2456 Buddensieg
1297 2384 1413 2440 turchis
1437 2385 1664 2442 Streitschrillen
1687 2387 1775 2458 prael.

377 2491 406 2544 p.
430 2471 502 2529 LVI.
528 2471 672 2544 Operculo
706 2471 787 2526 inser.
824 2471 985 2541 adligatum
1019 2479 1064 2526 est
1098 2471 1290 2542 fragmentum
1324 2473 1443 2528 membr.
1475 2473 1587 2528 codicis
1611 2489 1689 2529 saec.
1712 2470 1778 2528 XIII

377 2573 488 2630 argum.
513 2559 705 2628 grammatici,
729 2559 759 2612 in
783 2573 841 2628 quo
865 2558 920 2612 hae
944 2564 1031 2612 notae
1054 2565 1210 2613 occurrunt
1233 2574 1321 2613 manu
1356 2573 1434 2615 sace.
1458 2557 1513 2613 XV
1536 2561 1678 2630 scriptae:
1727 2559 1777 2615 »In

377 2642 582 2717 Wyssegrado
605 2653 733 2715 tempore
757 2645 921 2698 obsidionis
945 2647 1068 2699 comesti
1089 2652 1161 2700 sunt
1184 2648 1251 2715 equi
1274 2651 1305 2700 ut
1329 2645 1416 2700 lertur
1442 2647 1500 2701 136
1524 2651 1552 2701 et
1578 2646 1661 2702 multi
1684 2647 1776 2702 honri-

377 2749 430 2788 nes
453 2733 528 2787 same
552 2732 725 2802 perierunt«
755 2729 922 2785 »Iohannes
947 2733 982 2786 de
1005 2729 1123 2800 Bydlin‚
1147 2731 1296 2786 Iohannes
1320 2734 1356 2786 de
1379 2731 1492 2788 Smolin
1516 2732 1685 2788 fundatores
1700 2731 1777 2788 'Ilia-

378 2821 459 2874 bor«
485 2817 577 2872 Vetus
602 2819 675 2887 sign.
700 2816 732 2884 E,
762 2819 808 2874 18.

480 2985 563 3066 542
825 2985 896 3058 III.
929 2985 970 3059 G.
999 2985 1060 3059 17.
1080 3001 1124 3064 11.
1144 3001 1163 3052 1.
1184 3005 1206 3053 1.
1226 3019 1252 3052 n.
1273 3005 1323 3068 13.)

375 3127 484 3188 chari.
507 3143 594 3186 saec.
619 3123 687 3185 XV
695 3125 742 3206 ff.
766 3125 829 3186 207
853 3126 1123 3198 1111111.,22><16
1145 3143 1206 3186 cm.
1231 3126 1262 3186 d.
1285 3145 1327 3186 m.

482 3247 502 3308 i.
532 3241 649 3307 1—40b
673 3244 819 3308 Gilberti
842 3249 898 3319 (de
921 3246 1154 3324 Hoylandiai)
1172 3247 1455 3310 Commentarius
1468 3248 1505 3309 in
1517 3249 1774 3328 Apocalypsim.

378 3333 522 3395 »Omnes
557 3337 610 3414 qui
643 3337 694 3411 pie
725 3333 857 3393 volunt«
884 3334 916 3390 ><
943 3332 1033 3393 »Hoc
1065 3335 1146 3393 exile
1178 3351 1263 3412 opus
1287 3351 1407 3402 meum.
1432 3337 1520 3413 quod
1544 3339 1617 3414 ipso
1641 3338 1774 3398 domino

375 3427 488 3481 nostro
511 3419 537 3480 J.
563 3419 637 3481 Chr.
670 3426 751 3480 teste
775 3420 816 3479 ad
842 3437 901 3479 sue
918 3421 997 3498 legis
1014 3421 1199 3498 evangelice
1217 3425 1324 3498 peregi
1341 3421 1609 3496 decimacionem,
1638 3423 1774 3484 ecclesie

375 3525 435 3568 sue
459 3514 571 3568 sancte
596 3507 864 3566 reformacioncm
888 3512 919 3566 et
935 3507 1110 3566 adversarii
1130 3556 1137 3569 .
1158 3555 1163 3566 .
1184 3552 1191 3565 .
1211 3509 1387 3569 antichristi
1402 3515 1434 3569 ct
1449 3513 1595 3570 omnium
1611 3509 1773 3571 lautorum

374 3611 508 3654 suorum
543 3593 771 3654 confusionem
803 3592 933 3653 finalem
965 3599 997 3652 et
1027 3593 1298 3668 destruccionem,
1338 3595 1426 3673 quod
1458 3599 1527 3673 ipse
1560 3602 1702 3674 prestare
1727 3597 1772 3656 di-

376 3686 509 3759 gnetur«
536 3685 595 3740 etc.

483 3785 501 3845 1.
527 3787 582 3844 41·
605 3781 708 3844 Notae
734 3783 874 3844 »Contra
899 3787 1141 3862 symoniacos«.

480 3888 501 3948 f.
525 3883 648 3949 411111.
672 3887 794 3950 Jacobi
816 3887 874 3966 (de
896 3883 1001 3964 Misa)
1024 3885 1181 3964 Epistola
1214 3889 1274 3948 »de
1305 3889 1434 3966 prediis
1465 3895 1501 3951 et
1519 3895 1693 3967 potestate
1717 3908 1771 3953 co·

373 3975 516 4036 activa«
553 3975 638 4034 »Pax
669 3973 787 4036 Christi
811 3975 925 4050 dirigat
948 3975 1048 4034 corda
1071 3983 1197 4034 vestra«
1232 3978 1263 4030 ><
1298 3983 1424 4037 »omnis
1455 3978 1517 4038 alia
1551 3978 1771 4039 deordinacio.

373 4061 497 4137 (1111115)
521 4061 569 4120 Mr
592 4061 679 4122 J'ac.r

481 4164 501 4224 i.
526 4162 984 4241 42⁸-4u·(anep13r.)sermo
1000 4165 1192 4226 exhortans
1208 4166 1251 4226 ad
1263 4165 1391 4227 bellum
1403 4167 1574 4228 adversus
1587 4165 1777 4246 Georgium

372 4253 414 4313 de
435 4243 624 4325 Podebrad,
641 4251 699 4328 qui
715 4267 743 4312 a.
764 4250 847 4312 1448
866 4249 1013 4328 Pragam
1029 4250 1220 4328 occupavit.
1248 4250 1296 4311 »T
1297 4254 1410 4313 hema:
1435 4253 1520 4314 Ecce
1544 4271 1606 4332 ego
1622 4258 1774 4315 constitui

373 4346 402 4399 te
427 4355 526 4416 super
547 4343 680 4415 gentes«
700 4341 736 4414 ><
753 4336 911 4398 »Domine
925 4335 1134 4414 Sigismunde
1147 4339 1234 4400 hunc
1252 4357 1438 4400 sermonem
1454 4357 1512 4418 pro
1529 4341 1771 4402 confortacione

373 4425 481 4503 populi
501 4473 508 4487 .
529 4469 536 4484 .
555 4471 563 4487 .
581 4425 715 4488 iacietis
739 4430 771 4485 et
794 4429 820 4484 si
837 4441 904 4484 non
921 4440 978 4502 per
992 4441 1064 4497 vos,
1088 4425 1180 4486 alicui
1204 4427 1292 4486 alteri
1308 4426 1471 4487 conferte«
1493 4475 1500 4490 .
1520 4477 1525 4488 .
1548 4426 1661 4502 .(Hoc
1677 4444 1772 4488 man-

373 4513 485 4571 datum
510 4527 663 4572 mancum
688 4517 739 4570 est
762 4512 917 4588 particula
939 4511 960 4572 1.
985 4512 1027 4571 46
1050 4512 1225 4589 abscissa).

481 4615 500 4674 i.
524 4609 682 4674 461-47·
705 4613 856 4675 Litterae
868 4615 1089 4675 sacerdotum
1102 4613 1363 4677 Taboriensium
1379 4614 1514 4690 (Nicolai
1531 4617 1572 4676 de
1589 4613 1770 4679 Peihiimov

372 4705 404 4761 in
429 4700 542 4761 Piesek
567 4705 641 4773 etc.)
665 4707 890 4763 evocatorum
920 4700 963 4762 ad
994 4701 1169 4778 synodum
1199 4701 1414 4764 Cutnensem
1437 4703 1537 4764 datae
1568 4719 1598 4764 a.
1625 4703 1706 4766 1443
1729 4705 1772 4766 ad

373 4803 461 4864 mag.
484 4787 563 4849 Joh.
594 4786 830 4866 Rokycanam.
862 4786 994 4867 (Chron.
1019 4785 1137 4849 Tabor.
1163 4789 1213 4848 ed.
1238 4789 1351 4850 Hbller
1373 4787 1487 4869 Script.
1512 4789 1547 4862 11,
1567 4789 1631 4852 739
1654 4798 1686 4852 et
1707 4789 1773 4851 Nc-

369 4873 470 4952 jedly'‚
495 4873 656 4952 Prameny
684 4874 744 4948 18).

481 4960 503 5020 i.
526 4955 684 5021 471-52·
707 4963 924 5022 Auctoritatcs
949 4961 1149 5038 theologicae
1174 4964 1215 5022 de
1239 4969 1337 5024 cantu
1360 4965 1482 5042 vulgari
1506 4968 1538 5024 in
1561 4967 1666 5024 missa
1680 4966 1771 5037 (cum

371 5057 449 5108 nota
479 5049 519 5108 de
550 5065 701 5108 sermone
734 5047 931 5126 Rokycanae
962 5065 990 5107 a.
1020 5047 1102 5108 1450
1125 5065 1225 5126 super
1247 5050 1386 5110 eandem
1410 5055 1600 5124 materiam),
1633 5051 1673 5110 de
1697 5067 1771 5128 pec·

1047 5271 1097 5322 220
