4094 6016
937 603 1002 662 435

376 812 395 874 l.
425 811 628 877 148b-154·
650 812 753 876 Notae
775 818 1015 876 astronomicae
1039 821 1070 874 et
1094 815 1241 876 medicae
1274 816 1403 892 (partim
1440 814 1668 888 germanicae).

376 899 398 960 l.
426 897 628 963 rou-roob
651 900 813 979 Imagines
836 902 926 962 coeli.

377 986 398 1047 l.
427 985 831 1064 167·-169bA1kindus.
854 986 905 1049 De
929 987 1066 1065 pluviis,
1175 1041 1177 1048 i

377 1073 396 1134 i.
425 1070 627 1136 1708498ὴ
649 1073 870 1152 Altraganus.
892 1073 1021 1149 (Liber)
1048 1072 1333 1136 differentiarum.

376 1160 398 1222 i.
426 1157 627 1221 1992—200b
651 1159 699 1221 De
723 1161 867 1239 quodam
890 1166 1106 1222 instrumento
1130 1171 1240 1221 motus
1264 1162 1354 1220 coeli.
1386 1158 1570 1237 (Expositio
1594 1174 1672 1217 con·

274 1251 397 1324 scripta
418 1264 447 1308 a.
476 1247 557 1308 1394
580 1247 725 1308 Viennae
736 1247 760 1322 ?)

378 1333 400 1394 f.
424 1331 629 1395 2012—20312
650 1333 845 1397 Ptolomaei
868 1331 925 1394 CL
946 1333 1208 1411 propositiones
1231 1333 1267 1394 in
1285 1331 1510 1395 astronomia.
1537 1328 1672 1408 ›Signo-

275 1437 345 1481 rum
370 1420 548 1498 disposicio
571 1427 639 1481 est«
666 1423 698 1480 ><
725 1420 882 1499 »Explicit
904 1421 982 1481 liber
1004 1420 1037 1480 P.
1062 1420 1140 1480 leria
1162 1419 1203 1480 Vl
1238 1425 1311 1480 ante
1345 1423 1493 1480 trinitatis
1528 1433 1585 1495 per
1618 1433 1670 1476 me

272 1507 472 1570 dohannem
495 1507 537 1568 de
560 1506 662 1570 Nova
684 1506 796 1586 Domo
819 1525 850 1568 a.
876 1504 987 1568 ileu«

378 1593 399 1655 l.
424 1593 487 1655 205
510 1593 646 1674 Figurae
669 1595 754 1654 duae
782 1597 812 1668 l)
835 1598 1045 1655 mansionum
1068 1594 1175 1666 lunae,
1199 1591 1232 1669 2)
1250 1593 1441 1670 dignitatum
1459 1591 1671 1669 planetarum.

377 1680 398 1742 i.
422 1679 624 1742 2062-208·
646 1681 814 1760 Stephani
837 1680 879 1742 de
902 1679 1058 1742 Messina
1072 1677 1193 1742 Flores
1209 1680 1252 1741 de
1268 1677 1414 1740 secretis
1438 1675 1673 1738 astronomiae

274 1767 450 1830 Hermetis
473 1765 708 1845 (Astrologiae
731 1773 871 1830 centurn
895 1767 1066 1844 capitula).

379 1870 400 1930 i.
424 1869 842 1932 2082—217Tractatulus
866 1872 1104 1932 revolutionum
1139 1873 1172 1931 in
1207 1869 1309 1930 tribus
1343 1869 1575 1947 superioribus¹
1624 1865 1672 1927 De

277 1957 474 2018 revolutione
497 1961 583 2018 anni.
607 1957 656 2018 De
681 1963 782 2018 terrae
806 1963 898 2019 motu
921 1963 954 2018 et
976 1957 1113 2017 diluviis,
1141 1955 1188 2017 De
1212 1957 1306 2017 bello.
1332 1954 1380 2016 De
1397 1959 1502 2033 capite
1519 1961 1551 2014 et
1567 1953 1673 2014 cauda

277 2045 439 2106 draconis
465 2041 512 2104 De
536 2046 617 2105 locis
640 2045 804 2104 stellarum
828 2044 980 2105 lixarum.
1003 2042 1131 2104 Tabula
1154 2043 1369 2104 latitudinum.

379 2150 411 2204 In
435 2152 573 2222 operculo
596 2167 691 2223 super.
716 2153 892 2207 intrinsecus
914 2152 987 2206 haec
1010 2157 1081 2205 nota
1104 2151 1247 2206 occurrit:
1296 2149 1399 2205 »Liber
1431 2148 1615 2220 Sigismundi
1638 2149 1673 2202 de

276 2237 407 2292 Hradecz
430 2238 568 2309 Regina«
593 2237 687 2294 Vetus
710 2241 785 2309 sign.
810 2238 845 2307 A,
871 2237 921 2293 37.

379 2404 469 2486 434
754 2403 825 2482 III.
856 2405 894 2480 C.
921 2407 957 2479 3.
985 2421 1030 2483 (Υ.
1049 2419 1086 2472 rr.
1106 2423 1129 2472 1.
1148 2437 1173 2472 a
1194 2421 1248 2486 u.)

277 2546 384 2606 chart.
407 2563 494 2607 saec.
517 2543 586 2605 XV
600 2544 640 2627 ff.
664 2546 730 2608 299
751 2563 857 2620 neem„
878 2545 1056 2607 30><2r5
1076 2563 1139 2606 cm.
1163 2544 1194 2606 d.
1218 2562 1264 2604 m.

380 2665 400 2727 l.
430 2666 567 2729 1-167·
589 2665 771 2729 Haimonis
794 2671 873 2740 (seu
895 2667 1013 2744 potius
1037 2667 1067 2726 b.
1092 2665 1251 2744 Remigii)
1288 2664 1437 2728 Postilla
1470 2679 1576 2742 super
1608 2661 1675 2740 epi·

278 2753 388 2816 stolas
411 2770 440 2814 s.
463 2751 571 2815 Pauli.
597 2753 642 2814 »E
666 2752 822 2815 Corintho
845 2757 973 2815 civitate
997 2754 1167 2832 metropoli
1183 2753 1318 2831 Achaye
1334 2754 1476 2829 regionis
1493 2748 1673 2810 Grecorum

278 2843 407 2919 scripsit
429 2844 599 2918 apostolus
624 2841 742 2902 Paulus
778 2840 934 2901 Romanis
968 2841 1054 2901 hanc
1088 2839 1278 2917 epistolam«
1305 2841 1338 2895 ><
1363 2837 1520 2915 »Explicit
1543 2836 1674 2896 Postilla

277 2927 482 3006 Haygmonis
506 2945 532 2987 s.
557 2945 584 2987 e.
608 2929 639 2988 b.
664 2927 696 2986 P.
720 2931 793 2999 (alia
816 2947 906 2985 manu
930 2933 1046 2986 additur
1056 2931 1078 2997 ε)
1103 2925 1151 2986 Fr.
1176 2927 1340 2987 Ambrosii
1362 2941 1438 2986 cum
1462 2923 1610 2984 Johanne
1631 2923 1672 2982 de

278 3013 482 3094 Knyezmost
505 3015 584 3074 liber
605 3019 666 3074 iste
689 3020 740 3074 est
763 3031 820 3090 per
843 3017 936 3092 ipsos
959 3019 1198 3091 comparatus«

381 3117 401 3177 i.
430 3113 631 3178 idib—299b
654 3115 831 3195 Epistulae
855 3116 1043 3179 canonicae
1064 3114 1196 3190 iacobi,
1220 3115 1327 3189 Petri,
1350 3113 1533 3189 dobannis,
1565 3113 1677 3175 dudae

278 3221 357 3266 cum
380 3205 631 3266 commentario
654 3203 699 3265 Μ.
721 3203 894 3265 Johannis
917 3202 992 3264 llus
1009 3209 1045 3264 et
1061 3201 1239 3264 nonnullis
1261 3201 1390 3280 glossis
1410 3200 1603 3264 bohemicis
1626 3201 1677 3260 in-

277 3291 531 3354 terlinearibus.
559 3291 670 3351 »Pater
692 3297 724 3351 et
746 3290 832 3350 lilius
856 3295 888 3350 et
911 3294 1043 3367 spiritus
1067 3306 1093 3350 s,
1119 3305 1205 3349 unus
1230 3289 1313 3349 deus
1333 3290 1482 3366 dignetur
1498 3292 1677 3348 misericor-

279 3380 359 3439 diter
381 3384 513 3438 nostras
537 3378 653 3438 sordes
676 3379 881 3455 abstergere«
910 3379 941 3434 ><
968 3375 1031 3438 »Ut
1053 3375 1111 3436 fiat
1149 3383 1268 3448 tamen,
1304 3377 1392 3438 dicat
1424 3391 1512 3436 nunc
1548 3375 1679 3452 quilibet

279 3481 406 3525 amens

381 3572 413 3626 ln
437 3571 575 3642 operculo
598 3585 693 3642 super.
717 3573 894 3625 intrinsecus
918 3573 1029 3625 nudato
1054 3571 1126 3625 haec
1150 3577 1220 3626 nota
1243 3585 1349 3624 manus
1365 3585 1443 3626 saec.
1460 3567 1515 3624 XV
1532 3570 1676 3624 occurrit:

283 3657 442 3713 »Salomon
466 3664 627 3728 reportator
648 3656 689 3714 M.
712 3656 856 3712 lobannis
879 3656 941 3711 Hus
966 3664 1076 3726 partem
1100 3658 1253 3712 estivalem
1277 3658 1394 3715 habet«
1441 3656 1474 3710 ln
1507 3657 1678 3710 membrana

280 3747 374 3800 codici
397 3745 557 3815 praeligata
580 3759 668 3798 manu
692 3759 768 3798 saec.
793 3741 875 3798 XVII
898 3749 1019 3798 exarata
1040 3751 1085 3798 est
1108 3747 1198 3799 series
1222 3750 1426 3798 contentorum
1449 3744 1539 3798 haec:
1569 3737 1597 3814 1)
1622 3741 1682 3796 Po·

281 3831 360 3886 stilla
381 3831 555 3902 Haymonis,
580 3832 613 3900 2)
635 3829 787 3900 Depositio
810 3831 970 3885 testimonii
993 3829 1139 3885 Johannis
1162 3830 1294 3884 Protivae
1319 3831 1356 3884 ad
1381 3831 1440 3884 divi
1466 3828 1625 3884 Clementis
1647 3831 1678 3882 in

281 3917 398 3973 Porzicz
420 3918 549 3988 plebani,
573 3917 606 3988 3)
628 3917 751 3972 Articuli
775 3918 812 3972 ab
836 3917 1059 3988 archiepiscopo
1084 3916 1233 3970 Sbinconc
1257 3923 1360 3972 contra
1382 3915 1422 3973 M.
1447 3915 1514 3972 Joh.
1538 3915 1601 3972 Hus
1618 3918 1679 3970 dati

281 4020 348 4059 curn
370 4003 542 4060 refutatione
566 4004 706 4073 eiusdem,
731 4005 765 4073 4)
789 4003 997 4059 Commentarii
1022 4019 1109 4074 super
1132 4005 1292 4058 canonicas
1316 4011 1370 4058 etc.
1395 4001 1453 4058 Sed
1478 4019 1557 4056 nunc
1580 4003 1677 4057 solum

282 4099 439 4162 supersunt
462 4106 551 4162 opera
573 4092 697 4162 primum
720 4096 748 4144 et
771 4091 904 4145 ultimum
930 4091 1075 4145 ambobus
1100 4091 1203 4145 mediis
1227 4090 1345 4144 exelsis

382 4257 470 4339 435
757 4255 828 4334 Ill.
859 4259 896 4333 C.
924 4260 959 4334 4.
988 4273 1032 4340 (Y.
1052 4273 1088 4324 11.
1109 4275 1133 4324 r.
1154 4288 1179 4324 n.
1199 4275 1254 4338 aa.)

283 4400 391 4461 ellari.
414 4417 447 4460 a.
469 4397 559 4461 1445
575 4398 615 4478 ff.
637 4397 703 4460 286
724 4417 828 4472 eruin„
852 4398 993 4460 31><21
1018 4415 1080 4458 cua
1106 4397 1136 4457 d.
1161 4415 1204 4457 ru.

386 4520 521 4584 Nicolai
544 4521 586 4581 de
609 4518 860 4598 Dinkelspuehl
886 4519 994 4598 Opera
1017 4537 1100 4597 quae
1124 4525 1314 4598 sequuntur.

370 4609 391 4670 l.
419 4605 538 4670 1—3112
560 4607 741 4670 Tractatus
764 4607 806 4669 de
827 4606 939 4668 tribus
970 4606 1128 4685 partibus
1162 4604 1407 4682 poenitentiae.
1455 4604 1559 4665 »Ecce
1594 4621 1681 4665 nunc
1728 4643 1731 4650 «

283 4703 412 4774 tempus
435 4695 650 4773 acceptabile«
676 4695 709 4752 ><
735 4693 937 4772 »Expliciunt
960 4709 1130 4753 sermones
1154 4693 1194 4752 de
1212 4693 1312 4752 tribus
1329 4693 1474 4770 partibus
1491 4695 1680 4770 penitencie,

283 4783 431 4844 videlicet
453 4785 669 4856 contricionis
693 4780 914 4842 confessionis
938 4787 970 4840 et
992 4779 1262 4840 satisfaccioni5.‹

386 4885 407 4946 l.
432 4885 590 4946 322-85·
612 4885 802 4948 Sermones
824 4884 867 4946 de
897 4889 1032 4960 septem
1056 4881 1207 4960 peccatis
1225 4882 1440 4945 mortalibus.
1468 4881 1597 4944 »Homo
1614 4886 1682 4961 qui·

286 4973 359 5033 dam
384 4972 460 5033 lecit
481 4989 616 5034 cenam«
642 4973 678 5030 >4
701 4971 907 5049 »Expliciunt
929 4986 1100 5031 sermones
1124 4970 1164 5029 de
1198 4974 1325 5047 septem
1359 4974 1450 5030 viciis
1489 4970 1681 5048 capitalibus

285 5058 344 5119 lllri
367 5057 459 5120 Nico.
483 5057 688 5138 Dynlrlspuel
710 5057 849 5137 Wyen.‹

963 5279 1010 5330 169
