3974 6014
1034 599 1076 661 46

458 809 479 871 1.
504 807 681 870 972-108·
702 807 830 869 Tabula
854 825 952 886 super
976 806 1216 869 Distincciones
1240 809 1273 865 ><
1300 810 1505 886 »compilavit
1534 807 1589 872 Fr.
1625 807 1757 872 Guidus

351 895 425 975 (sic)
450 897 492 957 de
517 895 616 958 Senis
640 896 708 956 ord.
734 895 769 955 ir.
794 895 915 956 herem.
941 911 967 956 s,
992 896 1095 973 Aug«
1123 897 1194 973 (Sed
1218 900 1296 969 apud
1320 897 1489 954 Fabricium
1513 914 1589 970 opus
1605 901 1758 956 Distincti·

352 1003 441 1044 onum
464 985 608 1041 Mauricio
632 985 729 1055 Anglo
753 981 941 1062 attribuitur).

460 1087 481 1148 i.
510 1081 705 1147 1092—1781‘
728 1084 899 1147 Guidonis
924 1087 965 1146 de
989 1084 1109 1146 Monte
1132 1084 1275 1147 Rotheri
1291 1085 1362 1164 (vel
1378 1085 1542 1165 Rocheri)
1558 1085 1757 1164 Manipulus

352 1180 562 1236 curatorum.
590 1171 735 1233 »Rever.
755 1220 787 1233 ..
826 1172 1021 1252 Raymundo
1040 1219 1045 1232 .
1065 1219 1097 1232 ..
1135 1171 1292 1234 Valencle
1324 1177 1554 1250 episcopo...
1594 1171 1754 1252 Scriptum

351 1259 461 1322 Turoli
486 1279 515 1322 a.
540 1260 570 1320 d.
600 1259 699 1320 1333«
727 1261 759 1316 ><
786 1276 919 1338 »preces
942 1259 1066 1320 fundat.
1092 1257 1192 1338 Expl.
1218 1260 1404 1338 manipulus
1438 1276 1505 1320 cur.
1540 1277 1569 1320 a.
1606 1261 1637 1321 d.
1675 1258 1754 1322 1451

351 1348 408 1409 ier.
433 1347 473 1408 Vl
497 1353 571 1408 ante
595 1344 887 1408 Circumdederunt
910 1363 961 1406 me
986 1363 1043 1424 per
1064 1343 1263 1408 iohannem
1286 1345 1431 1408 Lukner
1454 1345 1596 1406 finitus«

461 1451 481 1512 f.
511 1443 707 1512 1781)-179ι
729 1448 856 1510 Tabula
879 1451 1043 1527 manipuli.
1067 1448 1088 1510 f.
1117 1449 1177 1511 180
1199 1449 1305 1509 Arbor
1327 1448 1500 1510 affinitatis.

462 1554 482 1616 i.
511 1549 705 1616 181⁵-225b
740 1553 896 1633 (anepigrl
928 1551 1108 1616 Tractatus
1143 1554 1184 1613 de
1224 1552 1447 1626 poenitentia.
1486 1551 1598 1632 »Quia
1634 1560 1669 1614 ut
1701 1565 1757 1632 ayt

353 1643 566 1703 Ambrosius«
595 1644 626 1698 ><
653 1641 713 1702 »ad
729 1645 897 1718 impensas
914 1643 945 1699 in
962 1639 1141 1700 medicos«.
1160 1637 1382 1720 (Subscriptio
1398 1639 1545 1700 radendo
1563 1641 1668 1701 deleta
1683 1646 1757 1714 est).

462 1745 482 1806 l.
514 1739 713 1806 229·-2711
747 1747 904 1818 (anepigrl
935 1742 1118 1805 Tractatus
1156 1745 1307 1806 »docens
1342 1743 1553 1816 sacerdotes,
1589 1747 1757 1822 quomodo

354 1833 452 1894 sobrii
476 1833 585 1910 quoad
610 1849 646 1892 se
670 1836 771 1909 ipsos
796 1831 964 1908 quomodo
988 1835 1038 1909 pie
1063 1831 1175 1908 quoad
1193 1831 1337 1891 divinum
1362 1847 1458 1908 opus,
1482 1832 1650 1909 quomodo
1674 1837 1757 1892 iuste

354 1919 463 1997 quoad
488 1936 569 1979 suos
594 1923 761 1997 proximos
786 1918 927 1978 debeant
950 1922 1090 1978 vivere«.
1120 1918 1297 1995 »Apparuit
1313 1921 1398 1978 enim
1414 1917 1516 1994 gloria
1535 1918 1606 1978 dei«
1625 1919 1658 1976 ><
1676 1936 1758 1996 »ego

354 2009 423 2085 ipse
448 2005 629 2083 predicator
651 2004 768 2066 latuior
792 2003 829 2076 (il
853 2008 1025 2065 universis,
1067 2002 1095 2064 O
1119 2003 1198 2064 Jesu
1224 2021 1282 2080 pro
1307 2007 1415 2081 operis
1439 2007 1562 2082 premio
1586 2008 1649 2066 cito
1672 2010 1756 2066 veni.

354 2091 395 2153 Et
418 2096 464 2158 sic
487 2097 538 2152 est
559 2091 634 2152 finis
658 2092 756 2152 huius
790 2092 976 2151 tractatuli.«
1015 2089 1231 2168 (Subscriptio
1266 2091 1411 2151 radendo
1447 2091 1553 2152 deleta
1586 2091 1661 2166 est.)
1708 2090 1756 2153 Cr.

354 2178 501 2238 nieman
524 2175 662 2240 vesano<
685 2159 722 2240 d.
747 2178 785 2238 A.
810 2177 844 2250 ll,
868 2176 920 2238 aa
945 2175 979 2237 ln
1003 2177 1116 2238 coaice
1140 2176 1219 2237 xlii.
1248 2175 1288 2237 c.
1313 2176 1333 2236 o
1365 2177 1451 2237 tuem
1483 2194 1567 2255 opus
1601 2184 1757 2240 vocatur:

359 2265 498 2342 »Regula
522 2271 553 2325 et
576 2265 695 2325 modus
719 2265 848 2325 tivendi
873 2264 1111 2324 sacerdotum«

463 2369 483 2429 i.
508 2368 706 2429 tio-302·
729 2367 885 2448 (anepigr.)
908 2367 1097 2428 Alexandri
1121 2368 1162 2428 de
1180 2366 1270 2428 Villa
1293 2365 1356 2428 Dei
1379 2365 1490 2428 Biblia
1511 2368 1674 2430 versibus
1698 2371 1757 2431 he·

354 2455 524 2517 xametris
547 2454 847 2517 mnemotechnice
871 2470 1049 2531 expressa.

463 2544 496 2600 in
520 2545 569 2600 iol.
593 2546 752 2617 praeligato
776 2546 947 2599 adnotatum
972 2550 1015 2598 est
1039 2560 1126 2598 manu
1151 2559 1229 2598 saec.
1254 2542 1410 2616 XVJXVI:
1445 2543 1660 2600 »Walthausen
1691 2562 1757 2601 sum

355 2647 409 2702 ego
432 2633 627 2687 Walthausen
652 2639 696 2688 est
719 2647 825 2686 nomen
849 2647 974 2686 meum«
1012 2631 1047 2685 A.
1077 2631 1156 2686 1609
1193 2632 1287 2684 codex
1324 2637 1385 2684 erat
1420 2630 1489 2685 bibl.
1517 2631 1756 2703 Rosenbergicae‚

356 2721 460 2774 deinde
485 2722 654 2774 monasterii
678 2717 883 2774 Tiebonensis,

461 2885 518 2966 46
961 2883 991 2958 l.
1019 2883 1065 2958 A.
1094 2885 1155 2958 36.

355 3023 460 3088 chart.
485 3044 517 3088 a.
542 3024 756 3088 troo-1767
767 3024 814 3106 ff.
837 3023 911 3094 342,
934 3025 975 3085 31
991 3023 1077 3085 ><19
1100 3041 1162 3084 cin.
1187 3025 1205 3084 Ι
1230 3042 1274 3085 m.

366 3183 368 3188 ·
424 3147 540 3209 Patris
562 3144 772 3208 Mem-Fried
794 3143 833 3206 0.
857 3145 890 3207 S.
913 3144 949 3206 Β.
973 3143 1156 3206 Excidium
1178 3145 1293 3222 gentis
1316 3145 1503 3209 Hebraeae.
1528 3146 1619 3226 (Pars
1644 3145 1680 3211 il

463 3237 544 3309 Opus
568 3239 735 3292 dedicatum
759 3237 795 3290 ab
828 3242 945 3290 auctore
980 3235 1128 3291 Friderico
1168 3235 1361 3291 Grundmann
1396 3238 1494 3292 abbati
1532 3235 1759 3292 Broumoviensi

355 3325 410 3379 hac
433 3325 647 3395 subscriptione
671 3323 690 3378 i.
716 3315 766 3378 3¹³:
795 3323 924 3377 »Dabam
948 3324 978 3376 in
1003 3321 1118 3394 Quadia
1141 3338 1219 3378 anno
1254 3323 1368 3390 1766«,
1404 3325 1455 3378 sed
1486 3326 1516 3377 in
1548 3332 1618 3377 nota
1649 3326 1755 3394 margi-

359 3412 419 3466 nali
443 3411 462 3466 f.
489 3403 522 3466 2b
546 3412 671 3467 occurrit
694 3426 763 3465 ann.
784 3409 875 3464 1767.

462 3579 518 3659 47
963 3576 992 3651 l.
1022 3577 1069 3650 A.
1096 3578 1158 3652 37.

357 3721 466 3782 citari.
491 3738 523 3780 a.
548 3719 633 3780 1768
644 3718 690 3800 ff.
715 3719 778 3780 163
800 3735 903 3791 tutin„
925 3719 971 3779 35
983 3719 1068 3779 ><22
1091 3735 1154 3779 crn.
1180 3719 1197 3779 1
1223 3736 1266 3778 m.

467 3840 642 3902 »Historia
664 3838 761 3901 Sacri
784 3837 952 3900 Canonici
967 3836 1109 3899 Ordinis
1131 3837 1397 3916 Crucigerorum
1414 3855 1491 3900 cum
1508 3837 1627 3900 Rubeo
1644 3838 1760 3901 Corde

356 3928 518 3989 Fratrum
556 3928 598 3988 de
632 3925 854 3988 Poenitentia
886 3923 1076 3986 Beatorum
1109 3923 1354 4003 Martyrum..
1374 3973 1379 3984 .
1399 3943 1443 3986 .a
1466 3930 1568 4003 prima
1592 3925 1758 3986 Ecclesiae

356 4021 460 4075 aetate
485 4018 618 4091 repetita
641 4025 760 4090 (usque
783 4013 824 4071 ad
857 4031 885 4072 a.
926 4011 1007 4072 1770
1039 4009 1192 4089 deducta)
1228 4028 1284 4088 per
1319 4011 1350 4071 P.
1385 4011 1559 4073 ,Ioannem
1593 4012 1759 4075 Carolum

584 4148 589 4160 ,
640 4149 646 4160 ,
760 4125 785 4158 ,«

358 4104 495 4245 ROhnF.
521 4100 805 4246 65a&d691ir(1)s{rta
828 4195 896 4244 sunt
919 4189 1112 4243 documenta
1134 4189 1259 4242 bohem.
1284 4187 1495 4258 transscripta
1526 4189 1591 4258 (sed
1617 4191 1760 4244 dubiosae

356 4277 458 4346 fideili,
479 4277 502 4330 E
525 4279 591 4332 cod.
617 4285 717 4331 nostro
741 4275 913 4346 particulam
937 4276 967 4328 in
991 4275 1008 4329 f.
1034 4275 1073 4330 72
1098 4277 1242 4344 excerpsit
1265 4273 1363 4327 Hdller
1393 4274 1511 4346 (Script.
1546 4291 1598 4330 rer.
1631 4277 1696 4330 hus.
1722 4275 1758 4334 ΙΙ.

363 4365 445 4435 156).
469 4363 513 4418 Ex
537 4365 606 4419 bibl.
632 4369 757 4418 monast.
783 4362 812 4416 S.
838 4361 941 4416 Crucis
965 4360 1087 4431 Maioris
1110 4359 1347 4430 Vetero-Pragae.

464 4531 521 4613 48
965 4528 994 4604 I.
1024 4529 1069 4602 A.
1097 4528 1156 4602 33.

356 4676 465 4738 chart.
488 4689 574 4734 saec.
599 4669 667 4732 XV
688 4669 929 4749 (rios-1472)
940 4667 987 4748 ff.
1011 4668 1076 4728 453
1100 4685 1202 4730 ritem..
1226 4666 1368 4728 32)(22
1391 4684 1453 4728 cm.
1479 4667 1509 4726 d.
1534 4685 1578 4728 m.

464 4796 485 4856 i.
514 4793 665 4856 1·-132²
688 4790 866 4870 (Guilelmi
889 4767 1034 4866 Peralti)
1059 4787 1202 4848 Summa
1225 4786 1392 4848 vitiorum
1409 4795 1443 4848 et
1458 4786 1639 4848 virtutum.
1667 4785 1758 4848 »llic-

358 4889 416 4946 turi
442 4884 482 4943 de
500 4883 635 4960 singulis
660 4883 769 4940 viciis«
785 4883 814 4932 ><
828 4877 939 4952 »Expl.
965 4891 1095 4934 summa
1118 4891 1148 4934 v.
1166 4880 1197 4934 et
1219 4891 1249 4934 v.
1267 4891 1296 4933 a.
1315 4873 1345 4933 d.
1366 4873 1449 4934 1466
1472 4891 1528 4951 per
1552 4891 1603 4933 me
1628 4873 1758 4935 lohan-

357 4989 437 5034 nem
461 4973 503 5030 de
524 4971 654 5047 Jamny
677 4972 708 5026 in
732 4963 953 5041 Vissiegradu.
990 4961 1055 5021 Pan
1081 4961 1169 5020 buoh
1193 4960 1259 5020 bud
1291 4961 1483 5037 poclrwalen
1507 4977 1530 5038 y
1559 4962 1645 5038 gebo
1682 4963 1757 5020 mila

358 5059 469 5120 matlra
492 5073 601 5135 panna
628 5054 757 5114 Maria«

1049 5271 1077 5318 12
