3978 6006
1047 511 1126 575 1657

491 721 583 804 ¹657
954 719 1059 796 VIII.
1086 719 1137 794 H.
1174 719 1233 794 74.

385 881 572 944 membran.
596 897 628 940 a.
652 877 803 958 158212)
816 878 863 961 ff.
886 879 960 952 160,
983 879 1062 942 255
1072 881 1103 936 ><
1120 879 1161 942 18
1183 896 1258 952 cm„
1304 873 1447 938 diuersis
1476 871 1638 936 manibus
1658 869 1789 932 nitidis-

385 967 471 1030 sime
492 969 656 1029 exaratus
678 969 707 1027 el
729 966 933 1040 rubricatus,
958 965 1005 1028 lit.
1029 965 1099 1028 init.
1119 965 1220 1047 pictis
1241 967 1271 1026 et
1302 960 1481 1025 deauratis
1509 961 1700 1022 exornatus.
1748 955 1789 1019 In

377 1051 443 1134 sol.
462 1055 656 1136 praeligato
679 1055 727 1114 est
751 1051 870 1114 tabula
900 1052 1056 1115 exhibens
1071 1052 1216 1134 figuras
1244 1048 1452 1129 allegoricas
1480 1047 1610 1127 egregie
1639 1044 1730 1125 picta
1760 1045 1790 1104 et

388 1144 533 1216 aurata,
570 1143 650 1201 item
677 1139 715 1200 in
735 1137 855 1217 sronte
876 1137 910 1218 f.
942 1139 978 1201 1⁸
1003 1139 1150 1221 insignia
1181 1137 1383 1220 reipublicae
1410 1133 1550 1196 Venetae
1582 1133 1738 1194 colorata
1760 1132 1790 1191 et

387 1228 567 1289 deaurata.
592 1222 760 1307 Opercnla
793 1225 906 1305 lignea
929 1226 1021 1287 corio
1035 1223 1141 1304 fusco
1164 1226 1320 1298 obducta,
1344 1222 1401 1285 eni
1415 1239 1503 1283 auro
1526 1220 1693 1301 impressa
1709 1219 1790 1280 sunt

388 1314 493 1376 varia
516 1329 715 1375 ornamena.
739 1310 879 1375 Frontes
901 1313 983 1374 libri
1004 1312 1202 1375 deauratae.

392 1471 566 1535 »Bulletae
588 1469 764 1533 Venetae«
791 1484 855 1531 seu
876 1469 994 1547 potius
1017 1468 1156 1530 decreta
1178 1471 1324 1530 senatus
1348 1463 1472 1527 Veneti
1503 1461 1714 1524 mercatoria
1747 1461 1790 1520 ab

660 1574 690 1618 a
717 1553 798 1618 1283
822 1572 934 1633 usque
957 1555 1000 1616 ad
1023 1573 1053 1618 a.
1079 1553 1172 1628 1565,
1196 1554 1306 1617 latina
1329 1557 1364 1616 et
1385 1550 1511 1614 italica.

498 1678 518 1740 i.
547 1681 580 1740 1·
606 1678 710 1743 »Cum
734 1694 776 1738 ex
798 1681 951 1738 varietate
975 1676 1155 1738 officiorum
1174 1681 1267 1738 trium
1285 1676 1487 1737 tabularum«
1506 1673 1538 1730 ><
1555 1670 1575 1732 1.
1596 1665 1791 1734 141⁵›nella

391 1766 539 1846 predetta
565 1765 824 1826 deliberatione«

499 1885 520 1948 i.
548 1880 751 1948 lini-1601>
773 1883 903 1947 Tabula
927 1889 1154 1945 contentorum
1180 1884 1394 1962 alphabetica.

499 2027 543 2086 Cl.
567 2027 692 2088 Hanslik
715 2044 744 2100 p.
770 2027 842 2084 311.
949 2009 952 2015 ’
995 1995 996 1998 ¹
1038 2005 1040 2015 ¹

495 2189 590 2277 1658
963 2193 1071 2270 VIII.
1093 2192 1141 2268 H.
1173 2195 1231 2270 75.

392 2336 501 2400 chart.
521 2354 609 2400 saec.
632 2332 756 2397 XVIII
763 2333 810 2417 ff.
835 2333 877 2396 18
899 2331 980 2410 (1-8
1001 2333 1095 2412 tab),
1115 2335 1159 2397 32
1173 2332 1201 2398 Χ
1215 2335 1256 2396 21
1270 2350 1333 2395 cm.
1358 2334 1377 2395 1
1401 2351 1446 2397 m.

393 2475 537 2539 »Missio
560 2473 792 2552 Asophiensis
815 2479 850 2536 et
871 2472 1173 2552 Taganrokensis‹
1198 2472 1349 2551 (Relatio
1372 2471 1554 2535 cuiusdam
1578 2461 1792 2530 missionarii

390 2561 568 2625 Austriaci
591 2559 755 2624 catholici
777 2562 819 2621 de
842 2559 967 2623 itinere
989 2559 1159 2623 Asuvium
1192 2564 1228 2622 et
1250 2558 1432 2638 Taganrok
1454 2575 1484 2620 a.
1511 2554 1595 2618 1700
1628 2553 1723 2616 tacto
1760 2557 1793 2612 et

389 2651 434 2712 de
457 2649 613 2712 moribus
637 2652 672 2710 et
693 2646 866 2710 institutis
888 2646 1114 2710 Tartarorum
1137 2645 1411 2725 Culmucorum).
1446 2645 1540 2706 Liber
1562 2643 1584 2705 8
1606 2641 1728 2704 tabulis
1744 2653 1791 2699 ru·
1912 2735 1914 2742 Ι

888 2733 968 2803 diter
991 2739 1086 2814 pictis
1108 2734 1295 2797 illustratus.

501 2858 544 2916 ci.
569 2859 694 2916 Hanslik
717 2875 747 2932 p.
772 2857 843 2916 613.

496 3061 588 3143 1659
830 3059 930 3138 VIII.
959 3061 1010 3138 H.
1039 3063 1099 3139 76.
1128 3078 1174 3145 (Υ.
1192 3079 1213 3130 1.
1233 3080 1257 3131 r.
1274 3093 1301 3130 n.
1320 3078 1390 3144 127.)

392 3220 581 3282 membran.
604 3235 690 3280 saec.
713 3217 783 3280 XV
802 3237 848 3282 en.
862 3219 909 3302 ff.
933 3221 997 3283 116
1027 3220 1082 3300 (z
1095 3220 1159 3284 232
1188 3223 1240 3302 pp.
1276 3223 1392 3296 unm),
1428 3219 1570 3284 23><16
1602 3235 1678 3286 cm..
1725 3227 1791 3275 una

394 3323 502 3368 mann
525 3305 694 3386 eleganter
715 3309 885 3380 exaratus,
921 3307 966 3368 lit.
1002 3307 1073 3368 init.
1103 3307 1205 3388 pictis
1238 3311 1267 3369 et
1300 3308 1478 3370 deauratis
1501 3307 1694 3368 exornatus.
1741 3299 1791 3362 In·

392 3391 588 3473 scriptiones
608 3391 825 3473 singulorum
848 3393 1021 3455 librorum
1044 3394 1091 3455 lit.
1116 3395 1213 3474 capit.
1238 3395 1365 3469 aureis,
1400 3394 1605 3475 argumenta
1640 3388 1726 3451 libri
1747 3383 1796 3447 IV

394 3481 505 3542 colore
527 3479 694 3554 caeruleo,
732 3481 839 3540 textus
855 3483 916 3560 per
939 3482 1046 3541 lotum
1069 3481 1179 3542 colore
1201 3480 1309 3542 rubro
1332 3481 1477 3562 scriptus
1500 3483 1555 3540 est.
1606 3476 1741 3539 Titulus
1761 3473 1792 3534 in

383 3564 416 3645 f.
441 3567 477 3628 1⁸
496 3565 641 3646 picturis
663 3565 774 3628 variis
794 3599 838 3610 -
860 3566 896 3627 in
908 3563 1028 3644 fronte
1050 3570 1099 3629 est
1121 3561 1249 3648 effigies
1278 3565 1463 3630 Wladislai
1483 3566 1587 3645 regia,
1607 3563 1654 3624 act
1668 3563 1793 3624 calcem

393 3653 522 3734 insigne
543 3663 727 3732 regnorum
753 3653 902 3714 eiusdem
924 3687 968 3698 -
989 3653 1136 3733 undique
1158 3654 1317 3734 cingitur.
1343 3653 1509 3736 Opermla
1524 3653 1632 3714 chart.
1649 3649 1793 3712 obducta

394 3739 524 3813 sericis,
547 3737 669 3818 quibus
680 3736 751 3818 fila
774 3756 886 3802 aurea
908 3741 1034 3801 intexta
1055 3744 1142 3804 sunt.

397 3877 470 3939 »Ad
507 3877 627 3939 divum
660 3876 892 3939 wladislaum
926 3877 1193 3940 serenissimum
1228 3878 1583 3956 potentissimumque
1623 3871 1792 3953 Ungharie

395 3981 435 4026 ac
457 3963 623 4026 Bohernie
646 3979 762 4042 regem
793 3979 933 4040 semper
966 3965 1135 4027 invictum
1170 3965 1426 4028 Pronostichon
1461 3971 1497 4026 et
1533 3960 1793 4042 Panegyriehon

395 4049 526 4113 editum
548 4067 610 4128 per
630 4050 804 4113 loannem
827 4049 1248 4201 Michaeltlegnlrleiptglpgium
1264 4053 1378 4114 civem
1392 4052 1589 4114 Romanum
1606 4056 1641 4112 et
1656 4054 1793 4128 poetam

503 4278 635 4334 Dubitari
658 4295 718 4334 non
741 4285 847 4350 potest,
871 4281 941 4350 quin
965 4282 1146 4352 praeclarum
1169 4283 1226 4338 hoc
1264 4283 1412 4354 exemplar
1442 4283 1573 4337 oblatum
1596 4279 1635 4335 sit
1658 4281 1714 4353 ipsi
1738 4277 1794 4348 regi

396 4369 433 4424 ab
456 4372 584 4422 auctore.
609 4363 692 4424 Saec.
715 4364 798 4420 XVII
821 4367 916 4422 codex
939 4373 999 4423 erat
1021 4369 1176 4425 cuiusdam
1199 4369 1348 4425 Francisci
1385 4367 1552 4425 sebastiani
1584 4365 1712 4438 RIptoris
1746 4365 1793 4438 (l),

397 4453 547 4526 quicum,
593 4457 624 4507 ut
648 4453 734 4508 docet
757 4452 908 4524 inscriptio
942 4456 1017 4509 inter
1042 4455 1136 4512 lineas
1166 4455 1253 4524 tituli,
1300 4473 1326 4511 a.
1363 4455 1442 4511 1638
1477 4463 1550 4526 sept.
1588 4453 1627 4509 24
1658 4455 1794 4510 sodalitio

396 4543 425 4597 b.
443 4541 517 4612 virg.
540 4536 652 4594 Mariae
675 4538 737 4594 sine
760 4539 826 4594 labe
850 4547 1009 4612 conceptae
1024 4540 1267 4614 Kuttenbergensi
1284 4543 1413 4610 donavit,
1430 4543 1507 4598 unde
1523 4545 1595 4597 teste
1608 4541 1793 4597 Scherschnl·

399 4629 448 4684 kio
471 4625 534 4702 (qui
564 4625 668 4680 librum
699 4627 755 4680 sub
785 4626 870 4681 titulo
919 4625 961 4684 »J.
993 4627 1033 4682 M.
1068 4627 1193 4700 Nagonii
1219 4673 1225 4686 .
1251 4673 1258 4686 .
1284 4674 1291 4688 .
1316 4635 1483 4700 poematum
1515 4628 1581 4684 libri
1604 4627 1662 4683 lV‹
1688 4626 1793 4699 Ptagae

400 4714 480 4771 1777
506 4711 611 4781 edidit)
634 4719 783 4767 erectore
807 4713 922 4783 collegii
947 4713 976 4770 S.
1000 4712 1025 4772 J.
1051 4714 1206 4786 Pragensis
1231 4719 1398 4787 redemptus
1433 4721 1461 4770 et
1496 4715 1692 4772 bibliothecae
1730 4714 1792 4770 Cle·

397 4805 542 4856 mentinae
565 4800 693 4854 insertus
716 4805 769 4856 est.
795 4797 940 4869 Operculo
964 4815 1059 4872 super.
1091 4803 1203 4858 codicis
1234 4803 1326 4858 nostri
1357 4803 1498 4874 inscripta
1529 4807 1573 4858 est
1603 4819 1692 4858 manu
1724 4802 1793 4858 cele

396 4889 512 4944 benirni
537 4883 616 4940 illius
639 4883 747 4956 Pragae
770 4889 997 4957 propugnatoris
1021 4887 1049 4944 P.
1075 4887 1193 4960 Georgii
1221 4881 1408 4946 Ostermanni
1432 4887 1543 4960 Plaohp
1566 4905 1592 4946 a.
1621 4889 1701 4945 1863
1726 4893 1792 4944 nota

398 4972 609 5046 praestantiam
633 4979 661 5027 et
684 4973 743 5026 lata
764 4971 830 5026 libri
855 4987 1045 5033 concernens.
1069 4975 1112 5034 Cf.
1137 4975 1262 5031 Hanslik
1284 4992 1312 5048 p.
1339 4975 1411 5033 609.

1071 5196 1123 5247 614
