3938 6010
1058 580 1130 642 1241

504 799 524 860 f.
553 797 628 858 135³
652 815 729 854 saec.
753 796 818 853 XV.
853 792 955 854 Notae
987 797 1087 856 cultro
1119 803 1295 856 truncatae.
1328 792 1430 855 Notae
1471 791 1635 867 »Angelus
1669 787 1710 845 ad
1736 783 1776 846 St

397 893 536 949 vestrem
560 889 591 945 in
616 899 757 962 persona
780 879 916 942 Christi«
943 887 1214 960 superscriptum:
1244 881 1347 959 »llag
1372 881 1522 941 Andreas
1539 877 1580 936 de
1597 875 1704 935 Broda
1720 888 1786 950 pro-

399 976 507 1037 fessor
530 971 807 1046 sacretheoiogie
831 973 953 1029 invenit
976 974 1007 1028 in
1032 974 1173 1047 antiquis
1197 970 1314 1030 libris«

507 1059 527 1120 i.
559 1055 758 1119 1361--109Ε
780 1059 939 1129 (anepigr.)
972 1055 1114 1116 Henrici
1147 1056 1188 1116 de
1222 1053 1391 1116 Frimaria
1423 1049 1607 1128 Expositio
1632 1043 1791 1121 decalogi.

402 1148 504 1209 »Audi
529 1146 626 1208 Israel
650 1148 802 1222 precepta
825 1142 968 1204 domini«
1005 1155 1023 1194 a
1054 1149 1108 1202 »ut
1132 1144 1281 1203 scribitur
1303 1141 1484 1201 iudicum«

507 1233 527 1294 1.
560 1229 760 1292 1691-170ι
783 1227 961 1290 Sermones
986 1229 1025 1289 de
1051 1247 1076 1289 s.
1101 1227 1222 1290 Ursuia
1246 1234 1277 1288 et
1300 1227 1476 1288 Elisabeth.

509 1321 528 1380 1.
558 1313 759 1379 171⁶-244t
784 1321 941 1390 (anepigr.)
966 1316 1153 1377 Sermones
1179 1315 1318 1376 diversi.

504 1423 648 1496 Operculo
672 1437 769 1492 super.
794 1423 1006 1498 adglutinatum
1030 1431 1074 1478 est
1097 1422 1288 1492 fragmentum
1307 1422 1464 1476 membran.
1491 1415 1673 1487 syngraphae
1690 1429 1796 1482 germa-

401 1517 485 1570 nicae
515 1527 592 1568 saec.
624 1507 691 1564 XIV
722 1508 923 1576 (Schuldbrief
949 1524 1007 1563 von
1041 1509 1206 1563 »Dorothea
1229 1508 1505 1576 Hantschustarynn
1530 1519 1587 1558 von
1612 1499 1730 1555 Passaw
1753 1501 1795 1553 die

402 1601 476 1657 czeit
498 1613 648 1672 pryorynn
670 1611 703 1650 ze
726 1593 912 1665 Mynnpach·
941 1597 1033 1649 einern
1058 1595 1152 1649 Juden
1177 1597 1368 1666 ausgestellt).

508 1800 592 1880 1241
979 1797 1057 1873 VII.
1085 1799 1130 1873 B.
1163 1800 1218 1873 15.

405 1943 593 2005 membran.
616 1956 704 2001 saec.
728 1935 795 1998 XV
806 1937 853 2017 ff.
885 1939 958 2012 101,
980 1939 1123 2001 20><23
1146 1939 1250 2001 cml
1281 1957 1325 1999 m.

797 2077 1000 2140 Pontificale
1024 2095 1140 2140 carens
1164 2083 1252 2140 initio
1276 2085 1307 2140 et
1330 2077 1405 2139 line.

508 2205 651 2276 Operculo
682 2221 777 2276 super.
810 2205 1025 2274 adglutinatum
1056 2211 1099 2258 est
1130 2204 1322 2273 fragmentum
1355 2207 1472 2262 membr,
1505 2208 1616 2262 codicis
1649 2211 1800 2265 cuiusdam

405 2295 541 2350 hebraici.

512 2459 609 2541 1242
987 2457 1070 2533 VH.
1098 2459 1142 2532 B.
1174 2460 1235 2533 io'.

407 2601 514 2662 chart.
536 2617 623 2662 saec.
646 2597 842 2660 XIV—XV
852 2597 900 2678 ss.
925 2599 997 2672 190,
1021 2599 1063 2660 29
1076 2599 1163 2660 ><22
1178 2617 1240 2660 cm.
1258 2600 1287 2660 d.
1308 2619 1352 2661 m.

887 2721 1074 2783 Sermones
1099 2723 1140 2783 de
1163 2729 1329 2799 tempore.

518 2844 538 2906 1.
569 2847 597 2905 l·
624 2843 745 2904 »Erunt
767 2847 861 2920 signa
891 2847 922 2904 in
947 2845 1015 2904 sole
1036 2892 1042 2904 .
1063 2893 1068 2904 .
1090 2890 1096 2902 .
1117 2842 1277 2920 Quamvis
1308 2843 1406 2905 Jesus
1430 2842 1599 2907 Christus«
1628 2849 1658 2902 ><
1683 2847 1703 2908 1.
1735 2843 1805 2907 190b

412 2937 463 2992 »et
486 2933 658 2992 consilium
682 2949 702 2991 a
726 2931 927 3009 sapientibus
952 2947 1105 3009 querere«
1133 2930 1221 3004 (finis
1246 2932 1361 3004 deest).

517 3136 615 3216 1243
979 3135 1056 3211 VII.
1085 3137 1130 3212 B.
1157 3137 1217 3212 17.

414 3277 601 3339 membran.
624 3294 708 3338 saec.
733 3275 936 3339 XII—XIII
955 3279 984 3337 et
1006 3275 1092 3338 XIV
1102 3275 1151 3356 ff.
1175 3277 1248 3354 200,
1272 3279 1316 3340 28
1329 3278 1419 3356 ><21
1449 3296 1510 3340 carr.
1533 3279 1555 3340 2
1578 3297 1623 3339 m.

579 3415 723 3477 Missale
747 3415 782 3476 in
805 3433 909 3477 usum
934 3416 1139 3478 monasterii
1164 3417 1197 3478 S.
1222 3416 1380 3479 Coronae
1403 3419 1647 3494 compositum.

515 3540 666 3597 Vetustior
687 3557 754 3612 pars
778 3543 843 3597 libri
860 3543 1074 3610 (lectionarium
1091 3549 1118 3598 et
1134 3543 1333 3612 collectarius)
1349 3550 1468 3598 exarata
1483 3549 1528 3598 est
1544 3558 1621 3600 saec.
1638 3540 1807 3616 XII—XIII,

413 3631 563 3698 recentior,
588 3629 743 3684 continens
775 3629 916 3699 imprimis
948 3645 1090 3685 canonem
1115 3630 1233 3700 missae,
1257 3631 1366 3686 inserta
1389 3636 1433 3685 est
1456 3645 1534 3686 saec.
1558 3628 1635 3688 XIV.
1671 3629 1705 3685 ln
1730 3647 1811 3702 oper-

415 3716 482 3772 culo
506 3731 602 3786 super.
626 3715 801 3770 intrinsecus
826 3717 950 3771 occurrit
973 3723 1043 3771 nota
1067 3717 1158 3771 cultro
1184 3717 1267 3771 valde
1290 3717 1424 3772 mutilata
1446 3723 1582 3787 spectans
1606 3719 1642 3772 ad
1667 3733 1694 3773 a.
1724 3717 1810 3782 1403,

414 3805 622 3858 monasterium
645 3801 675 3857 S.
700 3801 833 3858 Coronae
856 3811 885 3858 et
901 3804 1133 3858 aedificationem
1150 3803 1277 3874 capellae
1301 3806 1331 3858 in
1351 3802 1515 3858 Cwalenicz
1531 3800 1612 3877 (sic).
1629 3803 1671 3858 Ex
1686 3802 1809 3860 monast,

414 3889 444 3947 S.
469 3888 611 3946 Coronae.

519 4037 620 4118 1244
1007 4039 1091 4115 VII.
1121 4039 1158 4115 C.
1184 4040 1218 4114 Ι.

417 4181 524 4241 chart.
548 4196 634 4240 saec.
659 4177 728 4240 XV
739 4179 785 4261 ff.
809 4179 884 4254 306,
907 4180 995 4242 29><
1009 4180 1048 4240 21
1076 4196 1137 4240 cm.
1163 4181 1180 4241 1
1206 4197 1250 4240 m.

494 4300 637 4362 Missale
660 4302 851 4363 secundum
874 4301 1047 4363 rubricam
1069 4301 1282 4379 Pragensem
1306 4303 1518 4379 praecedente
1542 4302 1738 4364 calendario.

521 4425 554 4482 In
578 4425 671 4482 fronte
694 4426 714 4484 1.
742 4428 775 4482 1²
798 4427 870 4482 haec
894 4433 963 4482 nota
987 4433 1045 4484 est:
1074 4425 1177 4481 »Liber
1200 4426 1341 4481 ecclesiae
1365 4425 1549 4482 Kremsensis
1576 4427 1689 4485 1682«.

525 4629 622 4711 1245
1026 4629 1109 4705 VII.
1140 4628 1174 4706 C.
1202 4629 1236 4703 2.

420 4771 546 4832 mixtus
566 4787 652 4832 saec.
675 4767 744 4832 XV
755 4767 804 4848 ff.
827 4767 1095 4843 5711205121
1122 4787 1184 4831 cm.
1209 4769 1240 4831 d.
1270 4787 1312 4830 m.
1348 4786 1425 4830 cum
1450 4767 1520 4830 init.
1539 4769 1614 4848 pict.

576 4891 686 4954 Biblia
710 4890 848 4953 Veteris
873 4897 907 4952 et
929 4891 1020 4953 Novi
1043 4891 1256 4954 Testamenti
1280 4908 1395 4952 carens
1419 4893 1508 4951 initio
1532 4895 1563 4950 et
1585 4889 1659 4950 fine.

523 5017 568 5072 Ad
593 5017 702 5071 calcem
726 5015 743 5072 f.
774 5015 805 5073 1ι
829 5022 999 5071 annotatum
1018 5023 1061 5071 est
1077 5033 1166 5072 manu
1190 5033 1267 5073 saec.
1292 5014 1404 5071 XVHl:
1432 5015 1494 5070 »Ex
1518 5015 1598 5070 libris
1621 5014 1813 5070 bibliothecae

422 5103 620 5162 Carloviensis
643 5101 829 5173 Neo-Pragae
853 5118 918 5159 can.
944 5103 1033 5173 regul.
1057 5103 1170 5161 Later«

1095 5323 1145 5372 482
